1892 2917
167 106 216 155 818
379 102 503 153 AENEIS.
519 102 554 152 Χ.
570 100 625 151 818.

166 235 201 283 Et
210 226 322 294 mntem,
333 232 400 281 molli
410 240 485 281 mater
495 246 568 307 quem
578 236 671 281 nevmt
680 242 754 286 auree
792 225 842 277 sto

163 299 326 363 'Implevitque
337 298 413 345 sinum
425 312 534 359 sanguise
551 304 604 343 tum
614 295 662 345 vite
671 308 713 357 per
723 308 793 342 auras

167 363 285 411 Concessit
295 370 378 411 moesta
387 362 418 409 ad
428 362 522 421 Manes,
534 375 663 424 eorpusque
672 358 775 422 reliquit.
792 359 843 405 8⁶2⁰

166 428 202 475 At
213 443 275 485 vero,
287 437 314 475 ut
324 426 415 475 nultum
426 425 485 475 vidit
493 425 611 473 morientis
621 433 645 472 et
652 439 701 484 ora,

165 492 217 540 Ora
227 492 302 541 modis
312 490 465 540 Anchisiades
476 490 587 553 pallentia
596 487 670 548 miris,

167 557 288 619 Ingemuit
297 556 408 604 miserans
418 554 527 618 graviter,
539 554 692 616 dextrumque
700 550 816 607 tetendit3

166 622 202 669 Et
212 630 314 670 mentem
325 620 404 685 patries
415 619 508 667 strinxit
517 618 609 681 pietatis
618 617 704 681 imago.

167 686 233 745 Quid
244 686 286 734 tibi
297 700 368 744 nuno,
379 684 508 732 miserande
518 699 585 747 puer,
595 697 639 746 pro
649 681 759 729 laudibus
768 681 830 739 istis,

167 750 234 809 Quid
243 750 297 815 pius
308 750 396 798 AEneas
406 748 471 796 tanti
481 747 546 795 dabit
556 746 634 794 indole
644 746 765 809 dignum?
791 747 843 793 826

165 815 251 872 Amne,
263 815 349 878 quibus
358 814 458 871 letatus,
469 811 530 860 lrabe
540 820 597 868 tuae
613 818 683 874 teque
693 813 820 874 parentum

165 876 281 927 Manibus
292 887 315 927 et
325 878 403 937 cineri,
415 877 493 940 siqua
502 883 538 924 est
547 892 575 923 ea
584 890 648 936 eura,
659 874 760 923 renitto.

167 942 221 991 Hoc
231 952 309 991 tamen
319 942 400 991 infelix
410 942 520 989 nsiseram
530 940 632 988 solabere
642 948 758 998 mortem3

920 121 922 160 l

166 1003 709 1071 AEneemegnidexutcedislnerepetulno
791 1002 844 1051 888

167 1071 308 1119 cunctantes
318 1071 399 1129 socios,
410 1078 434 1118 et
443 1070 505 1118 terri
515 1069 620 1117 sublevat
629 1068 717 1132 ipsum,

167 1135 286 1198 Sanguine
295 1144 427 1199 turpantem
438 1142 526 1183 comtos
536 1133 566 1181 de
575 1147 640 1181 more
649 1132 751 1196 eapilloa

200 1200 292 1247 Interea
302 1200 392 1263 genitor
403 1198 509 1247 Tiberini
519 1197 549 1245 ed
559 1196 663 1244 fluminis
672 1197 762 1245 undam

167 1264 273 1312 Vulnera
283 1264 382 1313 siccabat
391 1262 503 1327 lymphis,
512 1277 640 1326 oorpusque
649 1261 750 1321 levabat,

166 1329 264 1377 Arboris
275 1329 366 1377 aoelinis
377 1338 465 1377 trunco.
486 1327 572 1374 Prootd
582 1342 640 1374 terea
648 1326 720 1373 ramis
791 1327 846 1374 888

167 1393 291 1456 Dependet
300 1393 375 1457 galee,
386 1400 409 1441 et
418 1399 485 1455 prato
494 1390 574 1455 gravia
584 1405 649 1438 mma
659 1389 790 1453 quieseunt.

166 1459 235 1507 Stant
244 1458 298 1506 leoti
308 1458 393 1506 circum
402 1458 515 1519 juvenes3
532 1455 582 1531 ipse
591 1470 660 1518 aeger,
671 1454 792 1516 anhelans,

166 1522 235 1571 Colle
243 1522 313 1582 fovet,
325 1522 391 1569 fusus
402 1535 529 1585 propexam
539 1534 564 1566 sn
574 1528 666 1583 pectore
676 1520 782 1568 barbam.

166 1587 248 1635 Multa
254 1602 323 1651 super
329 1588 408 1635 Lauso
415 1586 509 1648 rogitat,
515 1583 780 1695 mulffiremittit,
791 1586 849 1635 839

166 1651 217 1710 Qui
227 1660 341 1710 revocent,
352 1650 473 1713 moestique
483 1649 560 1696 ferant
688 1649 799 1711 parentis.

166 1716 202 1763 At
214 1715 318 1763 husam
330 1715 385 1763 socii
395 1714 526 1761 exanimem
536 1728 606 1775 super
615 1727 682 1759 mnia
690 1712 799 1761 serebant

166 1780 269 1839 Flentes,
280 1780 407 1842 ingentem,
418 1786 489 1841 atque
498 1776 588 1839 ingenti
600 1776 693 1825 vulnere
703 1776 803 1825 vietum.

167 1842 272 1907 Agnovit
282 1845 351 1907 longe
360 1843 475 1907 gemitum
484 1857 588 1905 presaga
596 1840 654 1888 mali
664 1855 737 1889 mms-

168 1908 285 1957 Canitiem
295 1910 371 1957 multo
379 1907 494 1957 deformat
503 1906 607 1969 pulvere,
618 1913 643 1953 et
651 1907 733 1953 ambas

166 1973 209 2021 Ad
219 1973 303 2021 coelum
314 1972 388 2021 tendit
396 1972 497 2035 palmas,
507 1978 533 2018 et
542 1984 636 2033 eorpore
645 1969 750 2018 inheret
790 1973 848 2021 845

167 2038 275 2086 Tantane
285 2052 324 2086 me
331 2036 406 2085 tenuit
415 2035 515 2094 vivendi,
526 2042 589 2094 nate,
599 2034 715 2097 voluptas,

166 2103 210 2160 Ut,
221 2116 262 2165 pro
273 2117 320 2160 me,
330 2101 409 2149 hostili
418 2108 509 2164 paterer
518 2097 638 2147 sooeedere
647 2098 743 2158 dextre,

167 2165 247 2224 Quem
258 2166 345 2229 genui?
358 2166 442 2213 Tuane
451 2163 596 2227 hseogenitor
604 2163 747 2238 pervulnera
755 2179 849 2226 servor,

167 2230 247 2279 Morte
257 2232 299 2279 tui.
308 2230 386 2279 meurs
396 2233 407 2278 l
424 2228 496 2278 Heul
508 2242 572 2275 nune
581 2242 665 2275 misero
674 2227 733 2274 mihi
743 2228 850 2277 dmum

167 2293 286 2342 Exsilium
297 2294 395 2342 infelix!
413 2308 477 2341 nuno
486 2294 533 2341 alte
543 2292 628 2341 miluus
637 2291 763 2340 adaomm!
794 2295 852 2342 850

167 2358 236 2405 Idem
247 2374 298 2421 ego,
309 2368 371 2416 nate,
383 2366 451 2405 tuum
461 2357 578 2406 maculavi
587 2355 683 2405 erimine
692 2371 788 2418 nomeu,

167 2421 253 2469 Pulsus
263 2424 294 2469 ob
304 2422 415 2470 invidiam
426 2422 483 2469 solio
492 2421 632 2495 sceptrisque
641 2421 751 2483 paternis.

166 2484 300 2532 Debueram
310 2485 391 2548 petrin
400 2500 480 2548 poenas
488 2485 594 2549 odiisque
603 2499 709 2533 meorum
718 2503 726 2532 e

166 2547 257 2596 Omnes
268 2565 309 2613 per
318 2557 403 2597 mortes
412 2549 516 2596 animam
526 2558 617 2597 sontem
626 2548 676 2613 ipse
685 2548 826 2599 dedimmr!

167 2610 193 2659 N
195 2611 309 2662 unevivol
317 2626 393 2676 neque
398 2612 475 2663 adhue
480 2613 586 2663 homines
591 2614 716 2679 lueemque
720 2615 852 2681 relinquo!
