1892 2917
347 101 470 152 AENEIS.
489 101 536 152 vl.
553 101 608 148 848.
762 101 817 148 8284

145 231 207 294 Quis
215 229 314 280 Grseehi
410 239 452 279 eut
458 229 571 294 genitos,
583 228 630 278 due
637 227 738 278 fulmins
744 227 811 287 butt,

143 297 272 360 Sdpisdrs,
383 295 474 358 Libye,
486 309 603 358 parvoque
612 300 730 356 potentem

142 360 286 420 Febrim,
296 361 334 410 rel
344 368 367 409 te
377 360 449 419 uulso,
461 361 565 418 Semne,
576 365 688 406 serentem
697 361 709 406 Ρ
762 358 811 405 848

143 427 200 486 Quo
209 426 298 473 fessum
307 425 395 488 rapitis,
407 424 493 472 Fabii?
510 431 537 470 tu
547 421 669 470 Maximus
679 421 719 470 ills
728 438 761 483 es,

143 490 215 538 Unus
225 489 266 553 qui
276 490 343 538 nobis
352 488 483 537 nmetendo
492 487 591 535 restituis
601 501 657 534 rem.

142 553 268 602 Excudent
277 554 318 601 elii
327 553 438 619 spirantis
447 551 541 599 mollius
551 566 608 607 erse

143 618 219 666 credo
230 618 352 681 equidern3
364 617 428 666 rivos
437 616 523 663 ducent
532 615 561 663 de
571 629 686 664 marmore
695 614 790 672 vultus3

142 681 253 730 Orebunt
262 682 441 740 eeusssmellus,
452 680 549 742 enlique
559 687 649 728 mestus
761 679 811 726 888

142 746 280 794 Describent
289 746 362 805 radio,
377 757 422 793 ets
496 743 528 792 tie
538 743 611 791 sidere
621 744 711 792 ditem:

143 811 184 858 Tu
194 826 272 873 regere
281 810 378 873 imperio
388 825 419 872 po
508 809 623 868 Romam,
634 815 751 856 memento
757 825 766 868 ς

143 874 191 922 He
201 875 244 922 tibi
253 882 322 922 erunt
329 882 406 929 πως
423 873 532 935 petisque
542 872 659 933 imponere
669 885 767 931 rnorem,

143 939 240 986 Psrrere
250 938 368 1000 subjestis,
379 946 403 984 et
413 936 528 984 debellare
538 938 656 999 superbos.

175 1003 215 1050 Sie
224 1010 289 1065 peter
298 1002 423 1060 An'rbises,
433 1010 503 1064 etque
512 1000 562 1048 haee
571 1001 709 1048 mirantibus
719 999 798 1049 addite
816 1043 818 1047 .

142 1065 256 1128 Adspice,
266 1076 293 1114 ut
302 1065 400 1129 insignis
409 1065 489 1128 spoliis
499 1063 626 1112 Marcellus
636 1064 721 1127 opimis
763 1064 817 1112 866·

143 1130 285 1194 Ingreditur,
297 1131 414 1193 vietusque
424 1130 485 1178 viros
495 1129 649 1191 supereminet
659 1128 755 1178 omnes!

143 1195 191 1243 Hie
201 1210 250 1242 rem
261 1196 402 1251 Romnum,
417 1208 503 1256 magno
514 1195 620 1241 turbante
630 1194 743 1252 tumultu,

142 1260 228 1318 δίοψις
246 1275 315 1323 eques
325 1267 409 1307 sternet
419 1258 511 1316 Poenos,
523 1257 666 1320 Gallumque
676 1257 799 1316 rebellam

143 1323 271 1386 Tertisque
281 1339 346 1370 armu
355 1322 416 1385 petri
425 1321 549 1384 suspendet
560 1329 626 1385 eapte
637 1321 744 1380 Quirino.
761 1322 810 1369 868

174 1387 257 1450 Atque
266 1386 306 1434 hle
316 1388 411 1441 AEnees,
429 1386 489 1450 (unul
498 1401 599 1448 nemque
609 1386 643 1434 ire
654 1385 746 1434 videbat

142 1451 271 1514 Egregium
281 1451 357 1499 formal
365 1453 475 1512 juvenem
486 1458 509 1498 et
518 1449 660 1512 fulgentibus
670 1450 755 1508 ermis3

143 1516 191 1563 Sed
201 1515 264 1562 frons
273 1515 328 1563 laets
337 1531 430 1577 perum,
441 1523 464 1562 et
475 1513 563 1575 dejecto
573 1513 663 1562 lumine
674 1512 752 1575 vultu)

143 1578 214 1639 Quis,
225 1588 299 1641 peter,
310 1580 358 1638 ille,
370 1579 446 1626 virum
456 1578 498 1641 qui
508 1578 541 1625 sic
551 1578 674 1626 comitetur
684 1576 794 1626 euntem?

141 1643 226 1702 Filius,
237 1657 298 1690 enne
307 1643 391 1708 uliquis
400 1643 488 1705 magne
499 1642 527 1690 de
536 1642 605 1704 stirpe
615 1645 745 1704 nepotum?
763 1643 811 1690 885

142 1707 513 1819 Οπὶεὴφὶῑὶιεάῐωωωίωωῐ
526 1706 811 1771 quantuminstsrinipse

145 1835 192 1892 Sed
203 1850 251 1883 nux
261 1844 311 1884 stre
321 1846 390 1900 ceput
400 1835 459 1886 tristi
470 1835 619 1884 circumvolet
628 1835 720 1884 umbrb.

173 1899 239 1947 Turn
249 1909 314 1963 peter
323 1901 447 1960 Anchises,
457 1900 567 1963 lucrymis
577 1900 692 1962 ingressus
702 1899 800 1948 obortisa

142 1965 166 2014 Ο
178 1965 246 2012 nete!
263 1963 381 2027 ingentem
391 1966 482 2013 luctum
492 1980 522 2012 ne
532 1979 608 2026 quoere
619 1972 710 2012 tuorum
719 1981 726 2011 t

141 2028 272 2078 Ostendent
283 2029 348 2077 terris
357 2030 421 2077 hune
430 2038 522 2077 tentum
533 2027 588 2086 sets,
600 2042 675 2091 neque
684 2027 746 2076 ultre
762 2028 811 2084 87⁰

142 2092 203 2142 Esse
214 2093 296 2141 sinent.
330 2093 441 2142 Nimium
451 2093 515 2142 robis
525 2093 635 2140 Romane
644 2107 686 2156 pro
702 2107 746 2154 ugo

141 2157 202 2206 Vise
212 2166 302 2221 potens,
313 2158 405 2221 Superi,
416 2158 508 2221 proprie
517 2157 568 2204 haee
579 2156 669 2204 sidone
705 2155 782 2204 issent.

142 2222 250 2282 Quantos
260 2222 300 2271 ille
310 2223 386 2270 virum
396 2237 508 2284 magnum
518 2221 633 2270 Mavortis
643 2221 674 2268 sd
684 2223 765 2268 urbem

32 2295 36 2302 '
142 2286 248 2349 Campus
257 2295 310 2349 eget
320 2285 436 2349 gemitus!
455 2286 493 2334 vel
503 2301 564 2349 quae,
577 2285 693 2342 Tiberine,
705 2283 793 2332 ridebis

139 2350 241 2408 Funere,
252 2365 307 2398 eum
317 2350 436 2398 tumulum
445 2349 603 2413 preterbbtre
613 2348 741 2396 recentem!
760 2349 808 2403 875

141 2415 192 2463 Nee
202 2430 260 2479 puer
270 2415 344 2462 Iliaca
354 2414 478 2479 quisquam
489 2413 518 2462 de
527 2422 595 2476 gente
606 2413 702 2461 latinos

141 2479 172 2526 lu
183 2487 275 2526 tentum
287 2495 328 2543 spe
338 2479 405 2526 tollet
413 2493 484 2527 eros:
501 2493 543 2526 nec
554 2479 658 2528 Romule
667 2474 786 2542 quondum

139 2543 198 2591 Ullo
208 2559 232 2591 se
242 2551 334 2592 tentum
345 2543 415 2591 tellus
423 2542 520 2604 juetebit
529 2543 632 2590 alumno.

121 2606 294 2671 ·Heupietes!
312 2607 527 2672 heuprisusfides!
544 2603 747 2670 invietuquebello
