1892 2917
161 86 193 135 ot
337 81 525 133 GEORGICA.
542 72 594 131 111.
610 80 650 130 (lb.

161 210 244 277 'Atque
254 212 322 261 uliam
334 228 364 260 ex
374 210 419 259 ulii
429 212 559 277 generando
569 201 647 260 suffice
656 206 753 273 prolem.
798 207 833 256 db

163 278 261 341 Optima
272 292 370 341 quaequc
380 277 428 325 dies
438 278 527 325 miseris
537 275 673 323 mortalibus
683 273 726 322 reri

164 342 245 389 Prima
256 342 331 405 fugin
349 343 448 389 subeunt
457 341 541 399 morbi,
552 340 669 402 tristisque
679 346 798 397 senectus3

163 405 197 454 Et
207 407 280 467 labor,
293 414 315 453 et
325 406 389 453 durae
400 406 459 468 rapit
469 405 616 453 inclementia
625 403 712 450 mortis.

164 470 260 533 Semper
270 479 344 529 erunt,
357 485 456 533 querum
468 470 553 517 mutari
563 482 657 531 corpore
665 468 749 515 matisc

164 536 260 598 Semper
270 534 331 582 eninr
343 534 423 590 refice3
441 548 476 591 ac,
488 549 518 581 ne
527 542 579 596 post
589 533 673 579 amissa
682 531 796 595 requiras,

164 599 288 655 Anteveni,
300 607 323 647 et
333 599 434 646 sobolem
444 607 547 645 armento
557 598 636 645 sortire
646 596 777 660 quotannis.
801 596 831 652 71

159 716 163 723 ,
199 664 297 711 Necnon
308 672 331 711 et
341 663 417 726 pecori
428 671 462 709 est
471 662 533 709 idem
544 662 644 709 delectus
654 659 747 723 equino.

167 728 207 776 Tu
218 728 295 785 modo,
307 743 365 791 quos
375 728 398 774 in
410 742 475 790 spem
486 735 571 774 statues
581 726 715 773 submittere
725 724 811 787 gentis,

167 792 313 855 Praecipuum
323 794 372 853 Jem
383 791 437 838 inde
447 808 461 838 a
471 791 554 838 teneris
564 790 675 865 impende
681 789 793 836 laborem.

168 857 284 905 Continuo
296 856 382 918 pecoris
392 855 495 917 generosi
504 854 617 918 pullusin
628 868 688 901 arms
799 853 833 909 75
936 861 937 910 ξ

166 921 248 968 Altius
258 920 393 982 ingreditur,
405 928 427 965 et
438 920 518 966 mollin
528 934 594 966 crura
603 918 700 981 reponit.

168 985 262 1033 Primus
273 993 296 1030 et
306 983 340 1030 ire
349 984 420 1041 viam,
432 992 454 1031 et
464 983 546 1031 fluvios
556 991 644 1031 tentare
652 982 762 1041 minem,

168 1048 258 1105 Audet,
270 1056 293 1095 et
303 1046 382 1109 ignoto
393 1062 440 1095 sese
451 1047 594 1095 committere
602 1047 683 1109 ponti3

168 1112 220 1161 Nec
231 1126 301 1159 venos
310 1110 387 1159 horret
397 1112 516 1175 strepituc‘
544 1111 585 1159 Illi
595 1111 667 1158 ardun
676 1110 762 1170 conix,

168 1177 334 1239 Argutumque
345 1184 422 1239 caput,
433 1176 509 1223 brevis
519 1177 593 1234 alvus,
603 1177 717 1239 obesaque
727 1183 808 1237 terget

169 1240 331 1304 Luxuriatque
342 1240 396 1287 toris
407 1240 536 1287 animosum
547 1247 633 1303 pectus.
657 1238 771 1293 (Honesti
803 1237 834 1285 81

170 1304 287 1368 Spediccs‚
298 1304 434 1367 gleucique3
451 1304 513 1352 color
523 1304 658 1351 deterrimus
668 1303 735 1362 albis,

170 1368 204 1417 Et
211 1368 291 1431 gilvo)
314 1369 387 1422 Turn,
398 1368 418 1415 si
429 1384 477 1432 que
486 1382 568 1416 sonum
578 1368 659 1431 procul
669 1382 734 1414 arma
742 1366 836 1426 dedere,

170 1434 237 1481 Stare
246 1431 297 1481 loco
307 1433 393 1490 nescit3
410 1432 481 1479 micet
491 1432 593 1490 auribus,
605 1441 628 1479 et
637 1432 715 1479 tremit
725 1440 804 1489 arnor

171 1496 346 1561 Collectumque
355 1512 461 1561 premens
472 1497 544 1544 volvit
554 1499 597 1544 sub
607 1496 700 1543 nuribus
710 1496 798 1559 ignem.

170 1560 251 1609 Densa
259 1563 326 1625 jube,
338 1572 360 1609 et
370 1562 450 1610 dextro
459 1563 545 1622 jactato
555 1560 668 1609 recumbit
677 1560 702 1606 in
712 1576 785 1608 errno.
804 1558 837 1607 86

170 1626 207 1673 At
217 1626 304 1689 duplex
315 1627 391 1688 egitur
400 1642 441 1689 per
451 1626 543 1672 lumbos
553 1625 634 1688 spinter
651 1632 762 1687 cavatque

173 1691 302 1748 Tellurem,
314 1700 337 1737 et
348 1690 419 1737 solido
430 1690 528 1752 graviter
538 1697 605 1736 sonat
613 1689 702 1751 ungule
711 1704 790 1737 cornu.

171 1754 238 1802 Telis
248 1755 364 1818 Amyclaei
374 1754 476 1802 domitus
486 1753 588 1801 Pollucis
597 1752 693 1801 habenis

172 1819 288 1881 Cydnus,
300 1828 330 1878 et,
342 1834 441 1881 quorum
453 1818 519 1865 Graii
529 1817 656 1865 meminere
665 1817 748 1880 polite,
806 1816 838 1865 to

172 1882 257 1931 Mortis
269 1883 321 1946 equi
331 1884 430 1946 bijuges,
442 1891 465 1929 et
475 1882 555 1947 magni
566 1896 645 1929 currm
655 1881 765 1929 Achillei.

172 1947 240 1995 'l'nlis
252 1956 274 1995 et
285 1948 334 2011 ipse
343 1948 425 2009 jubam
436 1946 522 1994 cervice
533 1945 614 1993 effudit
625 1946 711 2007 equini

172 2011 285 2075 conjugis
295 2012 394 2059 adventu
406 2011 488 2074 pernix
498 2011 620 2066 Setumus,
631 2018 654 2056 et
663 2010 739 2057 altum

172 2076 255 2125 Pelion
267 2076 359 2123 hinnitu
370 2076 461 2139 fugiens
471 2074 577 2137 implevit
587 2082 661 2121 scuto.
807 2074 839 2123 94

205 2141 278 2189 Hunc
286 2155 387 2203 quoque,
398 2140 439 2187 ubi
447 2147 489 2187 cut
496 2140 577 2186 morbo
586 2137 671 2201 gravis,
681 2144 723 2185 eut
730 2138 781 2199 jun
789 2154 840 2203 seg-

302 2218 353 2252 mor
363 2218 429 2255 annu

172 2268 267 2329 Deficit,
280 2268 338 2316 abde
348 2268 433 2325 domoc
450 2282 493 2315 nec
503 2268 566 2330 turpi
576 2267 668 2329 ignosce
678 2273 781 2313 senecta.

173 2334 282 2397 Frigidus
293 2333 318 2379 in
328 2332 442 2381 Venerem
455 2332 538 2390 senior,
549 2331 681 2393 frustraque
689 2330 792 2377 laborem

175 2400 299 2462 Ingratum
306 2397 389 2456 truhit3
402 2407 432 2455 et,
442 2395 562 2459 siquando
570 2394 600 2441 nd
607 2394 687 2457 proelio
694 2402 790 2441 ventum
799 2402 841 2455 est,

174 2464 211 2513 Ut
221 2462 338 2526 quondam
349 2462 373 2508 in
384 2460 475 2525 stipulis
485 2474 584 2522 magnus
594 2459 643 2506 sine
653 2459 740 2507 viribus
749 2459 818 2521 ignis,
829 2460 834 2467 “

98 2530 100 2551 “
174 2526 368 2577 Incassumfurit.
395 2526 460 2588 Ergo
467 2524 557 2571 animos
564 2523 783 2586 rerumquenotebis
795 2524 842 2573 loo

175 2590 312 2655 Precipue3
328 2590 383 2639 hinc
393 2590 449 2639 nlius
459 2596 527 2649 ortes,
537 2587 673 2652 prolenque
681 2590 813 2651 petentum,
