1892 2917
314 100 436 163 AEuuls.
453 101 502 151 xl.
517 103 574 150 21⁴.
731 104 780 153 326

16 256 22 275 ι
111 226 778 294 Praedpumtragor,etlongipaamnimstucctsalt

16 290 18 307 '
112 294 162 343 Hic
171 304 264 355 matres,
275 295 410 359 miseraeque
420 309 503 354 nurus,
515 296 554 344 hic
564 312 617 344 cara
626 312 731 346 sororum

111 358 208 408 Pectora
217 361 364 419 maerentum,
375 359 488 422 puerique
497 360 631 423 parentibus
639 362 699 422 orbi,

110 420 197 471 Dirum
208 431 353 472 exsecrantur
363 424 460 483 bellum,
472 424 595 489 'lumique
604 425 751 488 hymenaeon

111 486 195 609 greum
207 488 285 547 muris,
296 489 420 551 ipsumque
428 488 513 548 jubent
522 488 641 537 decanum
651 490 719 552 ferro,

138 552 163 598 ui
173 566 270 614 regnum
283 552 358 599 Italics
368 560 391 599 et
401 552 489 615 primos
498 552 543 600 sibi
552 562 630 616 poseat
640 554 743 604 honores.

111 614 223 678 Ingravat
233 617 282 664 hac
291 632 364 665 saevus
375 616 487 675 Drances,
499 617 621 681 solumque
632 619 707 667 vocari
732 622 781 669 22⁰

112 678 231 740 Testatur,
243 681 319 729 solum
329 680 394 744 posci
401 680 426 727 in
437 680 562 729 certamina
573 682 690 731 Turnum.

16 740 17 749 ’
111 741 193 791 Multa
203 744 274 792 simul
284 753 363 793 conus
373 744 441 793 variis
452 745 564 793 sententia
574 746 641 795 dictis

110 807 158 854 Pro
169 808 266 866 Turno;
282 816 305 856 et
315 824 428 884 magnum
438 809 524 872 regina
533 824 619 858 nomeu
629 812 768 871 obumbrat3

110 870 192 919 Multa
202 872 278 919 virum
288 873 376 921 merita
386 880 499 920 susteneo
508 873 572 921 fama
581 875 680 939 ποριῇ

144 935 196 985 Hos
205 936 265 983 inter
275 944 361 997 motus,
371 936 449 983 medio
458 936 484 983 in
494 937 605 1000 flagrante
615 940 728 1000 tumultu,

111 998 181 1060 Eece,
193 1015 272 1064 super,
282 1001 358 1048 moesti
367 1000 454 1063 magni
464 1000 586 1049 Dimnedis
595 1005 626 1051 ab
635 1006 694 1053 urbe
731 1007 780 1055 226

112 1064 196 1127 Legati
205 1079 313 1128 responsa
322 1064 417 1122 ferunts
433 1063 493 1111 nihil
503 1066 612 1116 ommtus
621 1075 699 1117 acttuu

110 1127 242 1178 Tantorum
250 1129 360 1192 impensis
367 1143 480 1192 operum
491 1129 597 1186 niidona,
605 1146 680 1195 neque
686 1149 779 1197 aunum,

112 1192 165 1241 Nec
175 1208 272 1257 magnas
282 1193 380 1242 valuisse
390 1208 483 1256 process
500 1193 546 1241 alia
556 1210 621 1244 arma
631 1196 723 1247 latinis

112 1256 253 1316 Quaerenda,
265 1266 307 1305 aut
316 1272 397 1332 pacem
407 1256 511 1317 Trojano
521 1259 552 1305 ab
561 1274 615 1322 rege
624 1262 754 1323 petendam.

145 1320 231 1369 Deficit
241 1322 329 1384 irrgentr
339 1322 404 1369 luctu
414 1336 455 1368 rex
465 1322 515 1385 ipse
525 1322 631 1372 latinus.
730 1330 777 1378 2³1

110 1384 217 1433 Fatalem
229 1386 322 1433 AEnean
332 1385 453 1433 martirem
464 1385 561 1434 numine
568 1387 632 1446 ferri,

111 1448 233 1496 Admonet
243 1449 277 1497 ira
287 1449 374 1510 Deum,
385 1450 518 1513 tumulique
528 1459 581 1499 ante
591 1466 632 1499 ora
641 1464 749 1506 mmm.

111 1513 177 1576 Ergo
187 1512 310 1561 concilium
320 1528 442 1577 magnum,
453 1514 586 1579 primosque
596 1532 691 1567 morum

111 1577 215 1653 Imperio
226 1578 316 1637 accitos,
328 1579 377 1626 alta
385 1578 446 1626 intra
456 1577 539 1626 limina
549 1581 617 1643 cogit.
731 1587 780 1634 235

110 1641 162 1691 0111
172 1644 305 1702 convenere,
317 1643 440 1706 fluuntque
449 1642 480 1703 ad
490 1644 553 1707 regia
562 1644 637 1707 plenis

109 1706 245 1755 Tectasiis.
277 1706 703 1772 Sedetiumediisetmaximussevo,

108 1771 145 1819 Et
154 1770 244 1834 primus
254 1772 357 1835 sceptris,
367 1770 431 1819 haud
440 1771 495 1820 laet
504 1772 589 1832 fronte,
601 1774 708 1826 latinus.

108 1836 193 1899 Atque
200 1834 239 1883 hic
249 1836 337 1900 legatos
347 1835 429 1883 AEtolt
438 1851 468 1884 ex
477 1839 535 1884 urbe
544 1837 659 1899 temnens,

109 1899 173 1959 Qua
182 1899 291 1960 referant,
302 1899 346 1948 t'ari
353 1901 430 1961 jubet,
441 1908 465 1948 et
475 1912 585 1965 responsa
594 1904 691 1967 reposcit
731 1910 780 1959 240

110 1962 201 2013 Ordine
211 1972 294 2013 cunda
304 1979 355 2013 suo.
388 1964 454 2013 Tum
464 1964 526 2013 facta
535 1966 626 2015 aientia
634 1968 731 2033 linguis,

109 2028 144 2077 Et
154 2028 262 2078 Venulus
272 2029 333 2077 dicto
343 2043 426 2093 parens
435 2028 469 2077 ita
478 2030 621 2081 farierinfit:

142 2092 262 2154 Vidimus,
273 2109 287 2142 o
298 2092 366 2153 cives,
377 2093 492 2143 Diomede
501 2095 638 2160 Argivaque
647 2107 736 2159 casm

110 2156 192 2221 Atque
202 2158 246 2207 iter
256 2157 343 2207 mensi
353 2174 417 2207 casus
428 2160 588 2221 superavimus
597 2176 689 2222 omnen
755 2164 763 2201 -'

110 2221 302 2287 Contigimusque
312 2237 418 2282 manum,
425 2222 473 2286 qud
480 2224 578 2272 concidit
586 2225 632 2273 Ilia
639 2229 715 2277 tdlns.
730 2231 779 2280 246

110 2286 157 2335 Ille
167 2287 249 2335 urbem
259 2288 411 2351 Argyripam,
422 2287 503 2351 panis
513 2290 648 2351 cognomine
657 2295 742 2359 gentis,
832 2314 836 2321 ·

108 2348 191 2399 Victor
202 2351 306 2415 Gargani
316 2352 428 2400 condebat
438 2352 535 2416 Iapygis
545 2354 613 2402 arvis.
695 2381 698 2388 ν

109 2414 240 2479 Postquam
250 2416 390 2480 introgressi,
401 2424 424 2464 et
435 2431 512 2465 coram
522 2414 577 2465 data
586 2420 652 2484 dupin
661 2421 735 2483 fandi,

109 2477 213 2541 Munera
223 2481 374 2545 proferimus,
386 2495 471 2529 nomen
482 2482 627 2546 patriamque
637 2485 761 2549 docemus;
836 2512 842 2522 ·

108 2542 159 2603 Qui
170 2544 258 2594 bellum
268 2545 397 2604 intulerint,
408 2561 462 2609 qua
472 2562 541 2594 causa
550 2549 669 2598 attraxerit
677 2552 765 2620 Arpos.

109 2608 205 2659 Auditis
215 2610 255 2659 iile
264 2610 314 2661 hec
324 2610 415 2676 placido
425 2610 457 2661 sic
468 2610 567 2661 reddidit
577 2627 630 2661 ore:
730 2618 776 2669 261

604 2679 621 2724 2
632 2690 650 2726 r
