1892 2917
147 84 207 154 seo
340 99 463 150 auars.
479 99 541 149 vn.
558 98 612 155 nt

50 286 52 291 ,
146 230 406 291 Quinetiemveterum
417 227 737 292 effigies'exordr'nesvontm
766 226 824 283 177·

145 295 254 358 Antiqui
263 310 277 342 e
287 293 363 352 cedro,
375 294 504 356 Italusque,
515 301 626 366 paterque
635 291 734 340 Sabinus

145 359 265 417 vitisator,
277 373 371 406 curvam
381 373 473 406 servans
483 359 527 405 sub
536 356 637 418 imagrne
648 355 739 417 isicem,

145 425 305 487 Seturnusque
315 437 394 483 senex,
404 421 508 484 ,lenique
519 421 625 470 bifrontis
635 421 721 483 imago,
766 420 817 468 180

144 487 267 536 Vestibulo
277 487 413 543 adstabant3
431 486 516 549 aliique
526 488 556 534 eb
566 485 654 548 origine
663 500 737 548 reges,

145 550 280 616 Martisque
289 554 319 599 ob
329 551 428 614 petriam
438 549 565 614 pugnando
576 549 671 596 onlnem
681 549 749 612 passi.

144 615 271 680 Multaque
281 626 390 679 praetereo
399 615 468 663 sacris
478 614 502 662 in
514 613 617 677 postibus
629 628 702 672 arma,

144 680 237 744 Captivi
247 681 347 744 pendent
357 695 447 739 currus,
457 694 579 742 curvaeque
589 693 686 735 secures,
765 677 816 724 tet

144 744 178 793 Et
188 745 262 793 cristae
271 745 382 808 cupitum,
394 753 417 792 et
427 752 546 807 portarum
556 741 659 804 ingentia
666 743 773 801 claustra,

144 810 292 872 Spiculaque,
303 809 432 872 clypeique,
444 817 567 871 ereptaque
577 814 649 853 rostra
659 805 750 854 cerinis.

144 874 200 936 Ipse
210 873 326 932 Quirinali
336 873 403 928 lituo,
414 871 531 936 persique
540 871 634 918 sedebat

144 938 279 986 Succinctus
289 935 375 994 treberi,
385 936 490 1000 levique
500 935 573 984 ancile
583 937 676 998 gerebat

145 1001 226 1061 Picus,
235 1004 320 1065 equum
331 1000 445 1058 domitor;
456 1015 527 1064 quem
537 1008 604 1062 cepta
611 999 719 1062 cupidine
727 999 814 1060 conjux

143 1066 226 1113 Aurei
236 1080 369 1128 percrrssunr
380 1065 453 1128 virgi,
465 1079 602 1127 versumque
612 1064 714 1124 venenis,
765 1064 814 1112 190

145 1130 210 1177 Fecit
220 1145 287 1177 eoem
298 1129 372 1188 Circe,
383 1128 512 1192 sparsitque
523 1128 635 1176 coloribus
646 1129 701 1176 alus.

145 1193 202 1242 't'ali
212 1193 275 1240 intus
286 1194 373 1256 templo
383 1193 472 1240 Divirm
484 1191 604 1255 patriique
615 1191 713 1240 latinus

144 1257 204 1306 Sede
214 1258 293 1306 sedens
303 1257 407 1305 'Peumos
417 1257 447 1304 sd
458 1272 506 1304 sese
516 1255 540 1302 in
551 1264 610 1304 tecta
620 1257 725 1314 vocavit;

143 1325 225 1386 Atque
235 1323 285 1370 bec
294 1321 401 1384 ingressis
411 1321 501 1384 placido
511 1319 573 1383 prior
583 1320 654 1368 edidit
664 1335 717 1368 ore:

80 1426 83 1433 ,
176 1386 262 1445 Dicite,
276 1386 424 1446 Dardanide,
439 1400 516 1449 neque
530 1384 593 1432 enim
606 1385 720 1433 nescimus
734 1391 812 1495 etlur-

239 1453 303 1510 bem,
777 1451 810 1496 95

143 1515 177 1563 lit
186 1530 267 1576 genus,
280 1514 399 1578 auditique
408 1515 525 1563 advertitis
535 1530 625 1578 aequore
636 1528 738 1570 cursum,

144 1578 210 1636 Quid
220 1578 316 1642 petitis?
333 1595 387 1642 quae
396 1595 465 1627 causa
475 1587 543 1637 retes,
555 1587 596 1626 aut
607 1581 673 1640 cujus
683 1585 784 1640 egentes,

143 1643 213 1690 Litus
222 1643 253 1690 ad
262 1643 397 1692 Ausonium
407 1652 441 1691 tot
451 1659 493 1707 per
503 1643 561 1692 vada
572 1644 656 1691 coerule
666 1641 747 1690 vertiti

143 1705 197 1754 Sive
208 1722 281 1754 errore
291 1708 343 1767 vire,
355 1724 395 1756 seu
406 1707 581 1771 tempestatibus
591 1707 644 1765 coti,

143 1770 243 1834 (Qualia
252 1772 327 1818 multe
337 1772 396 1818 mari
406 1781 484 1820 nautae
494 1771 615 1835 patiuntur
624 1772 650 1818 in
660 1767 718 1831 alto)
763 1771 813 1817 200

143 1835 259 1883 Fluminis
269 1835 371 1884 intristis
380 1836 450 1898 ripas,
461 1846 576 1899 portuque
586 1835 682 1894 sedetis;

142 1898 183 1946 Ne
193 1899 266 1962 fugite
275 1899 410 1962 hospitium,
422 1914 480 1947 neve
489 1901 593 1962 ignorate
603 1900 709 1959 Latinos,

142 1963 237 2010 Saturni
247 1972 349 2027 gentem,
359 1963 423 2011 baud
433 1963 509 2012 vinclo
519 1978 562 2010 nec
572 1963 662 2026 legibus
672 1976 775 2026 requam,

142 2027 229 2090 Sponte
240 2028 283 2076 sui
292 2028 420 2090 veterisque
430 2027 477 2075 Dei
488 2043 512 2074 se
522 2043 587 2074 more
596 2035 720 2075 tenentem.
761 2026 811 2074 204

141 2092 224 2154 Atque
234 2092 342 2155 equidem
351 2091 448 2140 memini
458 2091 533 2146 (fame
543 2099 577 2139 est
587 2091 703 2140 obscurior
713 2089 792 2152 annis)

141 2156 266 2204 Auruncos
276 2157 310 2204 its
319 2156 378 2205 ferre
388 2171 461 2215 senes,
472 2155 509 2204 his
519 2166 583 2203 ortus
594 2164 622 2204 ut
631 2157 692 2220 agris

140 2218 266 2268 Dardanus
276 2221 351 2268 Idnas
362 2219 471 2283 Pbrygiae
482 2219 605 2283 penetrdrit
615 2221 645 2268 ed
655 2222 733 2281 urbes,

141 2283 321 2349 Threiciamque
326 2286 433 2344 Samum,
439 2301 492 2348 quae
500 2299 562 2332 nunc
569 2285 726 2333 Samothracis
730 2284 811 2332 fertur.

141 2347 206 2397 Hinc
217 2348 285 2398 illum
296 2349 393 2412 Corythi
404 2349 527 2412 Tyrrheni
538 2350 567 2396 ab
579 2349 630 2397 sede
641 2349 769 2412 profectum

138 2411 220 2460 Aures
229 2428 292 2462 nnnc
302 2414 359 2461 solio
368 2413 613 2476 stellantisregiacoeli
759 2412 810 2460 210

138 2476 241 2539 Accipit,
253 2485 277 2525 et
285 2492 410 2526 numerum
420 2477 536 2525 Diuorum
546 2477 656 2539 altaribus
667 2475 738 2524 addit.

171 2539 277 2590 Dixerat
309 2541 344 2590 Et
353 2541 419 2598 dicte,
424 2541 527 2591 Ilioneus
537 2541 570 2590 sic
580 2555 635 2592 voce
646 2549 753 2592 securusr
