1892 2917
141 99 188 147 12⁰
350 99 473 149 AENEIS.
488 100 526 149 11.
545 101 598 156 174.

138 225 215 275 Sudor
223 224 268 284 ii'ta
285 234 366 292 terque
374 228 426 291 ipsa
435 229 485 277 solo
494 229 610 295 (mirabile
619 228 695 290 dictu)
763 229 810 286 174

137 291 250 351 Emicuit,
261 308 412 357 parmamque
422 294 496 342 serens
506 294 643 358 hastamque
653 301 798 342 trementem.

137 355 266 420 Extemplo
276 357 387 405 tentanda
397 358 454 422 lugi
463 358 526 406 eanit
536 374 628 422 equora
639 359 756 417 Calchan

137 419 190 467 Nec
199 435 266 483 posse
276 422 392 485 Argolicis
403 423 506 471 exscindi
517 423 631 486 Pergama
641 423 702 483 telis,

137 483 227 532 Omina
236 485 262 532 ni
271 494 376 549 repetant
385 487 466 550 Argis,
478 491 611 551 numenque
622 487 741 550 reducant,

137 547 210 607 Quod
219 551 302 614 pelago
312 559 336 599 et
346 552 420 599 unsis
431 567 509 599 secum
520 553 617 600 avexere
627 552 717 600 earinis.

137 612 172 661 llt
181 628 252 674 nune,
264 615 330 678 quod
337 616 423 678 panias
433 623 501 664 sento
512 615 597 678 petiere
608 615 730 679 Mycenas,
760 619 807 667 180

136 677 213 725 Arma
301 696 331 728 ue
340 689 423 742 parant
433 680 542 738 comites3
553 680 682 743 pelagoque
692 696 806 742 remenso,

137 742 263 805 Improvisi
359 752 377 790 t.
394 745 433 792 Ita
442 743 525 806 digerit
535 745 614 792 omina
625 745 730 794 Calchas.

136 805 216 866 Hanc,
227 823 270 871 pro
280 808 394 868 Palladio,
405 808 496 868 moniti,
508 822 550 871 pro
560 809 655 856 numine
665 809 731 871 laeso,

136 871 246 934 Effigiem
256 875 356 920 statuere
364 889 372 929 3
388 872 452 920 nefas
462 888 516 936 quae
526 873 589 920 triste
599 873 679 935 piaret.

135 934 207 982 Hanc
214 945 292 984 tamen
300 937 436 985 immensam
445 937 543 984 Calchas
550 937 653 985 attollere
659 936 747 986 molem
759 939 806 986 185

135 999 268 1048 Roboribus
277 1001 355 1061 textis,
366 1001 468 1065 coeloque
478 1000 581 1060 educere,
590 1002 668 1062 jussit,

136 1063 177 1110 Ne
186 1064 256 1127 recipi
266 1065 346 1128 portis,
357 1073 398 1112 aut
408 1065 462 1113 duci
472 1066 501 1112 in·
508 1066 594 1113 moenia
604 1067 683 1129 possit,

136 1127 193 1175 Neu
203 1129 318 1191 populum
328 1129 423 1194 antiqui
433 1132 476 1178 sub
487 1130 604 1192 relligione
614 1131 681 1178 tueri.

137 1191 211 1252 Nam,
223 1193 328 1241 sivestra
337 1209 421 1242 manus
431 1194 538 1243 violisset
548 1195 610 1242 dona
620 1195 744 1252 Minervae,

66 1268 68 1271 ·
138 1255 203 1304 Tum
213 1271 327 1320 magnam
337 1258 436 1306 exitium
448 1258 523 1323 (quod
533 1259 568 1306 Di
578 1258 643 1322 prius
653 1273 722 1307 omen
732 1258 758 1304 in
768 1256 806 1320 ip.
875 1261 877 1264 '
921 1313 924 1324 .

233 1337 286 1370 sum

136 1385 277 1435 Convertant
286 1385 306 1450 1)
324 1387 412 1436 Priami
428 1387 525 1450 imperio
542 1387 720 1453 Phrygibusque
739 1387 805 1434 futu·

231 1467 301 1500 rum:

86 1538 89 1543 ·
135 1512 178 1563 Sin
187 1517 296 1566 manibus
305 1513 385 1565 vestris
395 1525 495 1565 vestram
509 1517 663 1566 adscmdisset
676 1516 701 1564 ln
711 1517 804 1576 urbem,

134 1580 205 1630 Ultro
214 1582 298 1630 Asiam
308 1596 394 1642 magno
405 1582 505 1644 Pelopea
515 1582 546 1629 ad
556 1583 640 1630 moenia
650 1582 713 1630 bello

109 1646 113 1654 '
134 1644 274 1706 Venturam,
286 1654 309 1694 et
318 1653 408 1694 nostros
419 1662 446 1694 ea
455 1646 504 1693 fata
514 1661 607 1694 manere
617 1655 719 1710 nepotes.

167 1710 266 1758 Talibus
273 1709 362 1757 insidiis
371 1709 503 1774 perjurique
513 1721 561 1758 arte
572 1711 664 1760 Sinonis
757 1710 805 1760 195

134 1774 229 1822 Credita
238 1789 290 1831 res3
308 1774 415 1838 captique
425 1774 484 1822 debs
494 1775 648 1840 lacrymisque
658 1774 750 1834 coactis,
798 1780 801 1786 ’

133 1837 200 1897 Quos
210 1853 285 1902 neque
296 1837 408 1901 Tydides,
419 1854 461 1886 nec
472 1839 598 1888 lanssaeus
608 1840 723 1900 Achilles,

133 1902 190 1949 Non
200 1903 254 1949 anni
265 1902 375 1950 domuere
385 1903 472 1962 decem,
484 1917 531 1950 non
541 1904 607 1951 mille
617 1905 707 1952 carinas.

166 1966 215 2014 ch
225 1966 290 2015 aliud
299 1967 377 2026 majus
387 1967 476 2014 miseris
486 1968 607 2032 multoque
617 1969 764 2018 tremendum
784 2031 785 2034 Ἴ

133 2029 250 2092 Objicitur
259 2031 343 2093 magis,
354 2041 424 2095 atque
434 2032 564 2095 improvida
572 2041 664 2096 pectora
674 2036 759 2082 turbat.

131 2095 248 2155 laocoon,
259 2096 344 2143 ductus
354 2097 466 2160 Neptuno
477 2103 537 2144 sorte
546 2097 658 2159 sacerdos,
681 2096 683 2100 ’
755 2096 803 2146 201

131 2159 252 2208 Sollennes
262 2169 356 2207 taurum
366 2161 485 2222 ingentem
495 2163 611 2209 mactabat
621 2163 652 2210 ad
662 2177 720 2210 aras.

131 2222 194 2270 Ecce
203 2232 282 2272 autem
293 2224 382 2287 gemini
392 2241 407 2272 a
418 2225 522 2284 Tenedo,
534 2226 661 2290 tranquilla
671 2241 713 2289 per
723 2226 781 2286 alta,

131 2286 257 2338 (Horresco
266 2287 377 2350 idaeus)
385 2289 504 2337 immensis
514 2290 608 2338 orbibus
618 2305 706 2354 augeres

130 2349 276 2399 Incumbunt
283 2352 378 2415 pelago,
389 2353 520 2418 pariterque
529 2354 560 2400 ad
570 2354 638 2413 litora
648 2355 763 2410 tendunta

131 2414 228 2462 Pectora
238 2431 338 2479 quornm
349 2418 408 2466 inter
418 2417 503 2464 fluctus
513 2426 607 2478 arrecta,
617 2419 727 2482 jubaeque
753 2419 805 2466 2⁰6

51 2539 53 2547 ,
130 2479 269 2542 Sanguineas
279 2490 419 2543 exsuperant
429 2481 519 2538 undasse
536 2497 590 2544 pars
600 2489 682 2530 caetera
691 2491 791 2544 pontum

131 2542 196 2591 Pone
206 2544 272 2606 legit,
283 2543 423 2609 sinuantque
433 2545 547 2594 immensa
558 2546 676 2594 volumine
686 2554 758 2608 terga.

132 2606 171 2655 Fit
182 2608 279 2668 sonitus,
291 2620 414 2671 spumante
423 2609 487 2658 salos
503 2611 600 2674 jamque
614 2625 668 2658 arsa
678 2612 804 2668 tenebant;
