1892 2917
123 103 170 152 192
331 90 455 150 AENEIS.
471 99 506 148 V.
523 93 579 155 507.

121 233 179 281 Post
188 245 240 279 acer
251 227 390 278 Mnestheus
400 228 501 278 adducto
511 227 613 278 constitit
623 241 687 284 arcu,
715 223 718 228 “
747 223 796 278 507

121 297 181 345 Alta
190 304 277 360 petens.
286 293 418 358 pariterque
428 295 506 342 oculos
517 294 638 357 telumque
648 288 753 339 tetendit.

120 362 168 409 Ast
178 360 254 423 ipsam
264 359 409 407 miserandus
418 374 486 407 avem
497 359 628 422 contingere
639 357 699 404 ferm

122 425 180 473 Non
190 423 279 480 valuit3
295 423 368 471 nodos
379 432 402 472 et
411 423 504 472 vincula
514 424 576 471 lines
586 422 660 486 rupit,
748 417 796 465 510

122 489 197 548 Queis
210 489 297 537 innexa
306 488 389 552 pedem
399 487 462 536 malo
472 488 587 552 pendebat
597 489 627 535 sb
638 487 699 534 alto:

123 553 170 603 illa
181 555 256 602 Notos
266 562 336 616 atque
346 561 396 601 atre
405 553 486 601 volans
496 553 521 600 in
532 551 614 600 nubila
623 551 692 614 fugit.

122 619 189 666 Tum
199 618 295 682 rapidus
303 616 444 678 jamdudum
455 633 510 666 arcu
521 624 629 666 contenta
638 622 719 680 parato

122 683 184 732 Tela
194 693 283 741 tenens,
293 682 389 730 frauem
399 683 516 746 Eurytion
527 683 552 730 in
562 689 617 730 vota
626 679 725 741 vocavit,

122 749 181 796 Jam
191 763 264 797 vactro
273 748 352 795 ltetam
362 746 419 796 coelo
430 747 576 810 speculatum
594 753 617 793 et
627 745 670 794 alis
748 742 797 790 515

124 813 280 861 Plaudentem
290 812 358 875 nigris
368 811 420 874 figit
430 814 474 859 sub
485 815 547 860 nube
556 811 697 859 columbam.

123 876 218 926 Decidit
228 876 350 935 exanimis,
361 876 481 939 vitamque
490 875 584 940 reliquit
594 875 619 922 in
630 873 697 922 astris

122 941 250 1000 inuersis,
262 941 381 1005 lixanrque
391 941 460 988 refert
470 941 564 1004 delapsa
575 940 692 1003 sagittam.

123 1006 221 1055 Amissis
232 1005 295 1053 solus
306 1005 386 1069 palme
396 1008 520 1068 superabat
530 1011 625 1053 Acestes
632 1021 646 1068 ς,

124 1071 176 1130 Qui
186 1080 264 1118 umen
276 1070 349 1118 aerias
359 1071 433 1118 telum
444 1070 561 1118 contendit
571 1071 596 1116 in
607 1083 683 1127 auras,
749 1067 797 1114 520

124 1135 251 1184 Ostentans
261 1144 382 1199 artemque
391 1142 457 1198 pater
466 1150 593 1199 arcumque
604 1140 731 1182 sonantem.

125 1200 176 1248 Hic
185 1199 258 1248 oculis
268 1199 372 1247 subitum
382 1199 490 1261 objicitur
499 1215 632 1263 magnoque
641 1199 755 1265 futurum¹

124 1264 235 1328 Auguris
244 1272 389 1312 monstrum:
407 1264 485 1312 docuit
495 1273 549 1328 post
559 1263 634 1312 exitus
644 1259 726 1325 ingens
733 1277 747 1326 3¹

127 1330 228 1393 seraque
239 1329 331 1376 terrifici
341 1329 471 1377 senuerunt
482 1329 561 1377 omina
572 1337 643 1376 vates.

126 1394 239 1458 Namque
245 1394 326 1441 rolens
332 1393 427 1456 liquidis
435 1394 460 1440 in
466 1393 569 1442 nubibus
578 1393 633 1441 arsit
640 1390 738 1454 arundo,
750 1391 799 1438 525

126 1459 278 1522 signavitque
288 1459 349 1506 viam
360 1458 471 1517 flammi,
482 1466 608 1522 tenuesque
618 1456 709 1504 recessit

127 1523 256 1572 Consumta
265 1523 291 1570 in
301 1531 396 1579 ventem
413 1523 470 1571 culo
480 1539 522 1571 ceu
532 1538 593 1586 saepe
603 1522 675 1570 refixa

127 1588 300 1636 Transcurrunt
310 1587 443 1651 crinemque
453 1587 555 1636 volantia
566 1586 639 1634 sidera
648 1585 746 1634 duermt.

126 1652 241 1702 Attonitis
251 1649 337 1700 herere
347 1653 440 1712 animis,
452 1653 599 1716 Superosque
609 1649 696 1714 precati

127 1717 242 1765 Trinacrii
252 1717 384 1781 Teucrique
394 1716 451 1766 viri:
468 1732 511 1765 nec
520 1717 639 1764 maximus
649 1729 717 1762 omen
750 1715 799 1762 530

126 1781 221 1830 Abnuit
231 1781 333 1838 AEneast
351 1781 391 1829 sed
400 1781 482 1829 laetum
492 1781 615 1844 amplexus
624 1779 734 1839 Acesten,

127 1845 268 1894 Muneribus
279 1846 384 1894 cumulat
393 1846 494 1909 magnis,
506 1861 532 1894 ac
543 1845 599 1892 talia
609 1845 686 1892 fatur:

126 1911 208 1968 Sume,
219 1918 299 1974 patent
316 1924 372 1957 nam
383 1919 407 1958 te
416 1909 491 1959 voluit
501 1925 542 1958 rex
552 1924 652 1972 magnus
663 1907 763 1972 Olympi

127 1975 227 2023 Talibus
238 1974 346 2037 auspiciis
356 1984 471 2024 exsortem
481 1974 563 2023 ducere
573 1974 679 2022 honores.

126 2038 205 2102 Ipsius
215 2038 326 2087 Anchisae
336 2039 435 2103 lougoevi
445 2040 490 2088 hoc
500 2053 586 2087 munus
596 2036 702 2095 habebis,
751 2036 800 2084 555

127 2101 222 2152 &atera
231 2103 371 2166 impressum
382 2104 461 2168 signis,
473 2119 543 2169 quem
552 2102 667 2151 Thracius
677 2102 735 2150 olim

127 2167 239 2216 Anchisae
249 2167 346 2230 genitori
356 2168 382 2215 in
392 2184 478 2232 magno
489 2167 585 2216 munere
595 2167 689 2216 Cisseus

127 2232 198 2281 Ferre
208 2232 245 2280 sui
255 2231 349 2280 dederat
358 2233 529 2282 monimentum
540 2241 563 2280 et
573 2232 658 2296 pignus
667 2230 759 2281 cruoris.

128 2297 168 2344 Sic
174 2297 239 2344 fatus
249 2296 321 2358 cingit
330 2297 439 2346 viridanti
449 2298 638 2362 temporalem,

128 2360 162 2408 Et
171 2361 274 2424 primum
285 2368 338 2408 aute
348 2376 428 2411 omnes
438 2362 548 2410 victorem
558 2378 573 2410 s
588 2361 660 2426 pellat
669 2360 779 2410 Acesten.

128 2424 181 2472 Nec
191 2427 266 2473 bonus
276 2425 393 2488 corydon
403 2427 499 2490 pruno
510 2426 593 2475 inunt
603 2415 703 2484 nonem
752 2425 800 2472 sn

128 2488 244 2548 Quamvis
254 2490 316 2537 solus
326 2505 394 2538 avem
403 2492 460 2539 cudo
470 2491 553 2553 deiecit
563 2492 593 2539 ab
604 2491 660 2538 alto.

128 2553 253 2603 Proximus
262 2553 391 2617 ingreditur
398 2555 475 2614 donis,
487 2556 528 2619 qui
538 2555 631 2604 vincula
641 2554 720 2619 rupit3

127 2616 263 2678 Extremus,
275 2619 362 2667 volucri
373 2620 415 2683 qui
425 2619 478 2668 lixit
488 2619 601 2668 arundine
611 2620 710 2668 malunt.
