1892 2917
153 93 201 142 1³0
359 91 483 142 AENEIS.
499 92 536 142 11.
554 91 610 148 760.

151 220 264 282 Procedo,
275 229 299 270 et
309 220 398 269 Priami
408 219 474 268 sedes
485 235 606 284 arcemque
616 219 698 269 reuse.
775 219 825 276 760

152 286 187 333 lit
194 287 245 348 jam
256 286 381 348 porticibus
391 285 470 334 vacuis
481 285 584 334 «lunonis
594 285 660 350 asylo
719 303 733 324 -ν

153 350 268 398 Custodes
277 349 341 411 lecti,
353 350 451 398 Phoenia
462 357 486 397 et
496 349 560 397 dirus
571 351 677 413 ulyssea,

152 415 259 463 Mam
270 417 424 463 asservabant.
457 414 514 462 Huc
523 414 628 478 undique
638 415 713 462 'I'roia
722 429 781 478 gaza

152 480 256 528 lucensis
266 488 344 542 erepta
354 479 437 543 adytis,
448 493 580 542 menseque
591 479 705 541 Deorum,

152 544 302 608 Crateresque
312 559 369 592 auro
379 543 455 603 solidi,
466 543 603 606 captivaque
614 543 683 592 vestis
772 543 821 600 765

152 609 297 672 Congerimr.
330 609 401 658 Pueri
411 616 434 656 et
443 607 535 674 pavide
544 608 615 671 longo
625 608 706 656 ordine
714 616 801 656 matres

154 674 224 722 Stant
234 674 328 723 circum.

152 738 236 786 Ausus
246 739 303 802 quin
314 738 385 786 etiam
395 750 462 784 voees
469 737 557 797 jactare
566 751 608 800 per
618 739 736 799 umbram,

153 803 255 866 Implevi
264 802 364 850 clamore
374 801 433 861 vias,
444 807 588 866 musstusque
598 801 718 862 Creusam,

153 867 321 931 Nequidquam
330 865 486 930 inguninans,
497 865 627 930 iterumque
637 866 769 931 iterumque
772 881 823 988 ⁷qo-

250 931 310 979 cavi
804 933 821 981 ⁰

152 995 282 1055 Quaerenti,
293 1003 317 1043 et
326 994 392 1042 tactis
401 993 466 1041 urbis
477 994 527 1043 sine
536 995 583 1061 dne
593 993 688 1054 fluenti,

116 1053 120 1070 ¹
153 1060 240 1107 Infelix
250 1059 401 1106 simulacrum
410 1066 481 1121 atque
491 1059 563 1121 ipsius
573 1061 657 1108 umbra
668 1060 760 1110 Orellsae
800 1095 808 1110 ι,

153 1123 212 1173 Visa
221 1123 280 1170 mihi
291 1131 345 1171 ante
354 1122 442 1184 oculos,
454 1131 478 1170 et
487 1123 543 1172 noti
553 1125 627 1185 major
637 1123 723 1199 unago.

153 1187 282 1250 Obstupui,
294 1195 451 1250 steteruntque
458 1201 539 1248 comte,
548 1196 572 1236 et
580 1203 625 1236 vox
634 1188 741 1238 faucibus
748 1187 824 1236 hesit.

153 1251 346 1312 Tumsicaffari,
358 1251 696 1300 etcumhisdemeredictis=
773 1252 822 1308 775

153 1316 222 1376 Quid
232 1325 324 1364 tantum
334 1316 416 1363 msano
424 1316 492 1376 juvat
502 1316 621 1379 indulgere
631 1316 713 1377 delmi,

153 1380 178 1429 0
189 1380 263 1429 dulcis
273 1381 377 1442 conjux?
394 1394 442 1427 non
452 1379 502 1428 haee
512 1380 562 1430 sine
571 1381 668 1430 numine
678 1381 769 1429 Divum

100 1498 103 1505 ¹
152 1444 278 1493 Eveniunt.
306 1446 359 1493 Nec
368 1452 391 1494 te
400 1443 457 1492 hinc
466 1445 574 1494 comitem
584 1455 700 1507 aspormre
711 1445 824 1494 erenum

152 1509 208 1570 Fas,
220 1519 261 1558 aut
271 1510 311 1559 ille
321 1509 377 1557 sinit
385 1507 464 1571 superi
472 1517 580 1572 regnator
590 1510 696 1574 Olympi.
773 1510 822 1567 779

152 1573 237 1638 lunga
244 1575 287 1622 tibi
297 1573 386 1633 exsilia,
395 1581 419 1621 et
426 1582 519 1622 vastum
527 1574 598 1621 maris
607 1590 685 1638 aequor
693 1574 806 1624 arandum
811 1591 821 1634 ς

151 1638 186 1685 Et
196 1647 280 1687 terram
291 1638 430 1701 Hesperiam
441 1637 533 1693 vudesz
555 1639 598 1686 ubi
608 1639 708 1701 Lydius,
719 1655 775 1687 arva

152 1702 218 1751 Inter
228 1703 307 1765 opima
317 1703 401 1763 virum,
412 1701 460 1750 leni
470 1700 523 1749 fluit
533 1702 626 1765 agmine
637 1703 749 1768 Thybris.

152 1767 207 1814 Illic
216 1783 252 1815 res
262 1767 330 1825 lata,
341 1781 398 1829 regn
456 1781 494 1826 ue,
506 1776 530 1815 et
539 1767 603 1828 regia
613 1769 700 1828 conjux

154 1831 226 1879 Parta
236 1831 296 1887 tibi;
313 1831 427 1894 lacrymas
455 1830 460 1840 ¹
471 1838 527 1878 ecta
537 1831 598 1893 pelle
608 1831 708 1880 Creusae.

153 1895 179 1942 N
180 1910 211 1943 on
222 1909 265 1958 ego
275 1894 454 1959 Myrmidonum
465 1894 530 1942 sedes
540 1895 691 1957 Dolopumve
701 1898 813 1959 superbas

151 1959 299 2023 Adspiciam,
311 1967 353 2006 aut
363 1959 440 2006 Graiis
451 1959 562 2006 servitum
572 1959 687 2008 matribus
695 1960 743 2022 ibo,
774 1962 824 2019 786

152 2024 277 2081 Dardania,
289 2032 313 2072 et
322 2023 382 2070 dive
392 2023 490 2072 Veneris
501 2037 590 2071 nurus:

152 2089 199 2137 Sed
208 2105 248 2137 me
257 2103 344 2150 magna
353 2086 433 2134 Deum
444 2086 551 2134 Genitrix
561 2087 598 2136 his
608 2087 695 2138 detinet
705 2088 758 2138 oris.

151 2155 256 2217 Jamque
266 2153 325 2212 vale,
337 2159 361 2200 et
370 2151 420 2198 nati
430 2166 496 2198 servs
505 2153 635 2201 eommunis
645 2169 756 2202 amorem.

155 2218 214 2266 Hac
227 2217 268 2264 ubi
279 2214 340 2265 dicti
350 2215 422 2278 dedit,
435 2215 610 2279 lacrymantum
625 2225 648 2266 et
657 2218 733 2267 multa
743 2218 824 2340 seqen-

153 2346 245 2406 Dicere,
256 2345 365 2404 deseruit,
376 2352 502 2407 tenuesque
512 2346 604 2394 recessit
613 2346 638 2394 in
649 2362 723 2396 auras

154 2408 702 2468 'reuommsibioelloduebruehiuuruum

154 2475 202 2523 'l'er
212 2474 297 2549 frustra
306 2487 440 2549 compressa
449 2487 534 2547 manus
544 2474 626 2549 elingit
635 2475 722 2538 imago,

153 2539 202 2586 Par
210 2540 300 2588 levabas
311 2547 392 2599 ventu,
404 2537 536 2601 volucrique
547 2539 666 2588 unnllima
676 2553 766 2588 sumno.
