1892 2917
140 98 179 147 ³4-
345 92 533 145 uboaulcn.
549 92 572 142 1.
588 94 629 142 82.
653 91 657 95 ’

140 224 270 275 Deuoeiion
280 234 380 274 vacuum
389 222 478 289 lapides
486 224 581 285 jactavit
590 222 615 271 in
625 224 720 281 orberu3
776 221 810 269 62

138 290 209 339 Unde
219 290 323 338 homines
334 290 391 344 nati,
403 288 488 336 durum
500 304 580 351 genus.
606 288 671 350 Ergo
679 302 731 349 age,
742 292 811 334 terras

141 355 232 417 Pingue
243 356 328 412 solum,
339 352 420 417 primis
431 354 548 415 extemplo
558 369 573 400 a
582 352 700 399 mensibus
710 350 775 410 anni,

142 419 223 467 Fortes
234 420 348 467 invertant
359 417 435 473 tauri3
452 418 576 480 glebasque
584 419 685 478 jacentes
777 415 811 462 65

142 483 307 531 Pulverulents
318 490 402 545 eoquat
412 482 509 529 maturis
519 482 606 529 solibus
617 490 689 528 aram.

141 547 183 600 At,
195 548 213 595 si
224 560 270 595 non
281 548 351 594 fuerit
361 546 429 593 tellus
439 545 546 603 fecunda,
558 548 601 593 sub
609 547 688 609 ipsum

141 606 269 660 Arcturum
279 612 343 659 tenui
354 619 389 657 sat
399 610 441 657 erit
451 610 588 673 suspendere
597 611 661 657 sulco
667 627 677 670 ς

75 698 77 703 ·
141 676 204 734 Illic,
215 676 316 724 officiant
325 675 384 722 laetis
394 690 423 722 ne
431 674 536 735 frugibus
546 675 623 722 herbae
629 693 638 734 ;

141 740 199 797 Hic,
211 742 310 788 sterilem
321 739 418 801 exiguus
428 752 458 786 ne
468 740 556 786 deserat
566 739 651 785 humor
660 751 761 785 areum
774 737 811 793 70

175 804 278 851 Alternis
289 803 350 851 idem
362 812 438 851 tonsas
448 818 535 851 cessare
545 803 645 861 novales,

141 868 175 917 Et
186 884 278 931 segnem
289 868 375 931 patiere
386 868 432 914 situ
442 867 560 915 durescere
568 882 686 929 eampum.

141 934 193 981 Aut
203 933 236 980 ibi
246 932 305 979 flava
316 947 383 988 seres,
394 940 484 979 mutam
495 932 575 989 sidere,
587 931 655 988 farra,

140 997 211 1046 Unde
221 996 285 1059 prius
295 996 376 1042 laetum
387 996 470 1058 siliquiu
481 1004 601 1058 quassante
610 996 728 1057 legumen,
800 1009 803 1016 ’

141 1061 194 1109 Aut
204 1060 279 1107 tenuis
289 1060 349 1107 fetus
359 1060 432 1117 vitiae,
443 1059 559 1122 tristisque
568 1060 644 1122 lupini
777 1057 814 1115 75

142 1124 266 1173 Sustuleris
276 1123 368 1185 fragiles
376 1124 476 1171 calamos
486 1124 613 1185 siivamque
624 1131 751 1171 sanantem.

142 1189 197 1249 Urit
208 1187 269 1234 enim
279 1187 322 1233 lini
332 1190 441 1249 eampum
453 1202 524 1249 seges,
536 1188 583 1234 urit
593 1202 686 1246 aven1e3

141 1252 222 1301 Urunt
232 1251 328 1299 Lethaeo
338 1252 430 1314 perfusa
440 1266 554 1315 papavera
564 1264 652 1299 somno.

142 1314 189 1365 Sed
199 1325 277 1363 tamen
288 1316 380 1363 alternis
390 1314 462 1362 facilis
472 1316 551 1362 labor:
569 1315 633 1362 arida
644 1323 736 1363 tannim

143 1382 183 1430 Ne
193 1389 294 1427 saturare
303 1379 359 1426 fimo
369 1379 451 1442 pingui
459 1378 545 1441 pudeat
554 1380 611 1438 sola,
623 1392 681 1427 neve
776 1380 811 1427 80

143 1446 231 1495 Efferus
242 1444 340 1492 cinerem
352 1443 501 1490 immundum
510 1445 596 1504 jactare
605 1459 646 1506 per
656 1458 731 1506 agros.
824 1453 829 1461 '

143 1511 181 1559 Sic
191 1523 284 1572 quoque
294 1508 388 1555 mutatis
399 1507 543 1571 requiescunt
552 1507 637 1555 fetibus
647 1523 718 1556 arvae

120 1607 123 1616 ι
144 1574 196 1623 Nec
206 1574 271 1629 nulla
281 1572 367 1619 interea
377 1579 410 1619 est
420 1572 514 1618 inarata
524 1571 598 1633 gratia
608 1581 681 1619 terras.

144 1640 212 1701 Saepe
220 1638 290 1685 etiarn
301 1637 387 1684 steriles
397 1635 516 1683 incendere
526 1635 613 1698 profuit
623 1651 698 1699 agros,

144 1704 225 1765 Atque
235 1702 310 1748 levem
321 1700 429 1763 stipulam
440 1699 603 1763 crepitantibus
617 1716 682 1747 urere
692 1700 810 1760 flammis3

143 1766 197 1815 sive
207 1765 260 1813 inde
271 1763 438 1813 occulusvires
449 1772 472 1811 et
482 1764 569 1827 pabula
578 1772 645 1812 terrm
778 1766 812 1813 86

144 1830 245 1893 Pinguia
255 1828 400 1891 concipiunt3
411 1828 466 1875 sive
477 1828 523 1875 inis
533 1841 603 1875 omne
610 1844 652 1891 per
661 1828 739 1893 ignem

142 1892 289 1957 Exsequitur
299 1893 391 1950 vitium,
402 1900 472 1955 atque
482 1891 580 1939 exsudat
589 1893 679 1941 inutilis
688 1894 789 1957 humor3

143 1958 190 2007 Seu
201 1958 278 2020 plures
287 1958 349 2005 calor
358 1956 398 2003 iile
409 1956 456 2004 vias
467 1965 491 2004 et
502 1972 562 2005 caea
571 1957 660 2005 relaxat

144 2022 297 2085 spiramenta,
309 2036 380 2069 novae
390 2022 466 2069 veniat
475 2021 524 2085 qut
534 2036 615 2069 succus
624 2022 649 2068 in
659 2022 759 2084 herbas3
774 2022 810 2071 90

142 2088 193 2136 Seu
202 2086 272 2133 duret
282 2085 364 2147 magis,
376 2094 398 2133 et
409 2100 478 2133 venas
488 2086 609 2149 adstringit
618 2086 722 2144 triantem

144 2152 184 2199 Ne
194 2160 274 2198 tenues
283 2150 376 2212 pluviae,
389 2148 491 2212 rapidive
501 2152 603 2211 potentia
612 2150 666 2197 solis

142 2210 236 2271 Acrior,
248 2222 289 2261 aut
299 2214 380 2261 Boreae
388 2214 529 2277 penetrabile
538 2215 613 2277 frigus
622 2215 713 2263 adurat.

140 2279 252 2327 Multum
262 2278 329 2336 adeo,
340 2279 417 2325 rastris
428 2278 507 2340 glebas
517 2279 558 2341 qui
568 2280 655 2342 frangit
664 2280 757 2337 inertes,

143 2343 310 2405 vimineasque
320 2343 391 2389 trahit
400 2351 481 2400 crates,
491 2344 558 2402 juvat
568 2358 636 2402 arva3
656 2359 732 2406 neque
741 2342 811 2391 ilium

143 2406 218 2454 Flava
229 2408 298 2454 Ceres
309 2404 356 2453 alto
366 2406 524 2469 nequidquam
534 2416 621 2470 spectat
631 2407 751 2471 Olymp03
777 2410 811 2457 96

76 2500 77 2505 =
143 2470 179 2519 Et
188 2470 239 2534 qui,
249 2470 360 2533 proscisso
370 2486 422 2533 quae
433 2470 526 2517 suscitet
536 2487 627 2534 equore
637 2480 710 2535 terga,

88 2580 91 2592 k
139 2530 237 2583 tlemus
248 2534 273 2581 in
283 2534 405 2597 obliquum
415 2546 481 2582 verso
490 2536 619 2598 perrumpit
628 2544 712 2596 amno,

144 2588 291 2665 Enercetque
300 2592 409 2663 frequens
419 2598 535 2659 buaren,
544 2607 616 2663 atque
625 2600 725 2665 imperat
734 2601 803 2652 arvis
