1892 2917
165 95 197 143 40
349 95 538 145 onoltolcn.
553 95 575 145 I.
592 96 673 151 288³.

165 220 665 274 Autcumsolerrovoterrasirroratssona
783 224 834 271 288

164 286 241 334 Nocte
250 287 312 336 leves
322 288 405 335 melius
416 288 516 351 stipulo,
527 299 594 337 nocte
605 289 670 336 arida
679 294 747 351 prata

164 349 315 409 Tondentur3
333 362 409 401 noctec
417 353 494 401 lentus
503 369 551 402 nou
562 353 640 401 deficit
647 352 742 401 humor.
783 352 834 401 29⁰

164 414 198 462 Et
208 416 304 478 quidam
315 432 375 465 seros
385 417 476 465 hiberni
486 419 516 465 ad
526 418 623 465 luminis
632 417 698 480 ignes

165 479 300 542 Pervigilst,
311 481 417 544 ferroque
427 482 488 529 faces
497 482 595 545 inspicat
604 490 687 529 acutos

164 544 265 603 Interea,
276 546 373 608 longum
384 556 451 593 cautu
464 548 536 594 solata
545 548 657 604 laborem,

121 626 128 638 ·
164 607 259 671 Arguto
269 613 355 671 conjux
366 610 477 673 percurrit
488 610 578 673 pectine
588 610 659 667 telass

164 670 217 719 Aut
227 672 300 721 dulcis
311 674 383 721 musti
394 674 501 722 Vulcano
509 675 616 738 decoquit
625 675 758 734 humorem,
784 676 834 724 295

164 736 198 783 Et
207 736 270 785 foliis
278 739 366 787 undam
376 738 459 801 trepidi
469 738 592 803 despumat
602 738 662 786 aeni.

165 802 201 848 At
211 802 339 849 rubicunda
350 802 419 851 Ceres
429 802 506 851 medio
517 804 641 852 mcciditur
651 810 724 861 aestu3

163 863 364 917 Etmediotcstas
372 876 429 914 aestu
440 867 647 931 teritarcafrugca
828 903 832 910 ,

163 928 250 975 Nudus
260 945 309 989 ara,
321 945 370 979 sere
380 930 472 978 nudus:
490 932 564 979 biems
573 932 657 995 ignava
666 933 754 980 colono.

163 992 297 1055 Frigoribus
307 1004 373 1057 parto
383 995 489 1057 agricole
499 997 636 1059 plerumque
645 997 764 1057 fruuntur,
781 996 832 1044 300

163 1057 297 1121 Mutuaque
307 1058 366 1107 inter
374 1075 398 1107 se
408 1060 456 1107 leti
466 1061 571 1108 convivia
580 1070 668 1109 curant.

164 1119 253 1169 Invitat
263 1123 358 1185 genialis
368 1124 451 1183 hiems,
462 1140 574 1189 curesque
584 1126 691 1182 resolvit;

165 1185 224 1243 Ceu,
236 1202 319 1249 presso
329 1203 383 1235 cum
392 1190 442 1250 jam
453 1197 547 1251 portum
559 1190 655 1253 tetigere
665 1190 757 1249 carine,

163 1249 285 1313 Puppibus
296 1262 319 1300 et
329 1253 377 1301 laeti
387 1262 464 1301 nautae
474 1254 606 1317 imposuere
616 1270 717 1302 coronas.
781 1254 831 1302 304

163 1314 209 1361 Sed
220 1324 297 1363 tamen
306 1326 329 1364 et
337 1333 435 1380 quernas
445 1318 541 1381 glandes
550 1327 600 1367 turn
608 1319 718 1382 stringere
727 1326 830 1383 tempus,

161 1377 196 1425 Et
205 1380 265 1427 lauri
275 1383 363 1441 baccas,
374 1382 505 1446 oleamque,
515 1392 655 1446 cruentaque
664 1392 756 1447 myrta3

162 1442 228 1490 Tum
239 1445 335 1507 gruibus
345 1446 436 1509 pedicas
446 1457 469 1495 et
479 1448 537 1495 retia
546 1462 630 1511 ponere
641 1448 721 1508 cervia,

160 1505 303 1573 Auritosque
313 1511 379 1575 sequi
388 1512 493 1574 lepores;
510 1521 562 1560 tum
572 1512 641 1575 figere
651 1512 740 1572 damae,

160 1571 264 1637 Stuppea
275 1582 420 1638 torquentem
429 1576 535 1625 Balearis
545 1580 638 1625 verbera
647 1576 739 1631 drudus
780 1576 831 1625 300

161 1635 224 1685 Cum
235 1638 277 1687 nix
287 1640 334 1687 alta
342 1642 410 1701 jacet,
422 1641 520 1703 glaciem
529 1656 584 1688 curn
593 1641 691 1689 flumina
700 1639 806 1687 trudunt.

193 1700 260 1759 Quid
271 1713 416 1767 tempestates
425 1705 546 1753 auctumni
556 1714 579 1751 et
587 1705 661 1752 sidera
670 1704 764 1751 darn?

159 1761 249 1827 Atque,
261 1768 302 1815 ubi
311 1770 361 1827 jam
372 1769 508 1831 breviorque
517 1768 565 1815 dies
574 1778 598 1815 et
606 1768 786 1827 mollioriestas,

161 1827 223 1886 Qure
233 1831 349 1895 vigilanda
359 1832 430 1880 viris?
447 1833 483 1881 vel
495 1847 549 1881 cum
559 1833 607 1879 ruit
616 1831 760 1880 imbriferum
768 1848 818 1893 ver,

160 1893 243 1955 Spicea
251 1897 301 1955 jam
313 1896 399 1958 campis
410 1911 464 1944 eum
474 1896 555 1943 messis
564 1896 686 1955 inlrcmrit,
697 1906 720 1943 et
730 1910 785 1943 cum

160 1956 288 2007 Frumento
297 1959 322 2006 in
333 1960 400 2007 viridi
411 1960 497 2023 stipuld
506 1961 614 2009 lactentia
624 1963 735 2023 mrgent?
779 1960 830 2008 316

158 2023 226 2085 Saepe
236 2038 287 2085 ego,
299 2038 353 2072 cum
364 2025 428 2073 flavis
438 2040 562 2073 messorem
572 2024 690 2072 induceret
699 2024 761 2072 arvis

159 2084 279 2148 Agricola,
291 2097 313 2135 et
323 2088 399 2150 fragili
407 2090 458 2149 jam
468 2089 590 2152 effingeret
598 2089 685 2137 hordea
691 2089 779 2150 culmo,

159 2148 247 2198 Omnia
257 2161 377 2201 ventomm
388 2167 522 2201 concurrere
531 2154 612 2216 proelia
621 2153 685 2213 vidi3

159 2214 220 2273 Quae
231 2216 349 2278 gravidam
360 2218 406 2265 late
413 2226 517 2279 segetem
527 2220 557 2265 ab
568 2218 683 2265 radicibus
692 2217 747 2265 imis

159 2280 265 2329 Sublime
274 2281 395 2343 expulsam
406 2290 523 2338 eruereot3
540 2282 574 2329 ita
583 2282 676 2329 turbine
685 2282 752 2344 nigro
778 2283 829 2331 320

158 2342 238 2391 Ferret
245 2345 320 2393 hiems
327 2346 479 2408 culmumque
485 2345 560 2393 levem
566 2346 709 2409 stipulasque
716 2346 827 2394 volantes.

157 2407 224 2470 Saepe
235 2409 304 2456 etiam
315 2408 455 2457 immensum
467 2410 523 2457 coelo
534 2410 597 2458 venit
606 2426 691 2473 agmen
701 2426 826 2472 aquarum,

157 2470 192 2519 Et
202 2472 287 2521 soedam
298 2474 426 2536 glomerant
437 2481 597 2538 tempestatem
606 2475 721 2523 imbribus
730 2475 788 2523 atris

156 2535 265 2585 Collectse
275 2553 305 2585 ex
315 2538 362 2585 alto
372 2540 461 2593 nubess
478 2539 526 2585 ruit
535 2538 622 2586 arduus
633 2539 712 2596 iether,

154 2598 188 2653 Et
198 2601 278 2668 pluvii
288 2601 376 2665 ingenti
386 2610 437 2651 sata
446 2602 501 2651 leta
509 2604 627 2667 bodrnque
637 2602 726 2651 labores
775 2603 826 2651 825
