1892 2917
375 117 498 167 AENEIS·
515 117 547 166 V.
566 119 606 167 ΞΒ.
766 117 813 175 179

134 249 204 298 Ταιιι
213 247 267 314 pius
274 245 377 297 AEneast
394 247 513 313 Equidem
524 247 556 297 sie
565 261 657 312 posuere
667 253 747 298 ventos
779 247 812 298 26

134 314 293 373 muudum,
305 322 329 361 et
338 313 424 362 frmtra
436 328 505 362 cerno
515 321 538 360 te
548 312 641 361 tendere
651 321 737 362 eontra.

134 379 215 426 Flecte
225 379 287 426 viam
299 377 364 426 velis.
380 377 421 425 An
432 378 462 425 sit
470 377 531 426 mihi
541 377 627 454 gratior
638 379 694 438 ulla,

131 443 221 502 Quove
231 443 306 507 magis
316 443 387 490 fessas
397 451 476 506 optem
487 442 607 490 demittere
618 457 696 503 naves,

134 507 217 566 Quam
228 524 282 571 quar
295 507 442 556 Dardanium
452 507 521 555 tellus
532 505 591 554 mihi
602 515 676 556 servat
688 511 798 568 Acesten,

133 572 170 620 Et
179 573 252 636 patris
262 572 373 621 Anchisa
383 571 471 635 gremio
482 571 643 636 complectitur
653 575 725 620 oasa?
777 573 808 622 ³1

135 637 197 685 Hac
206 637 248 684 ubi
258 636 328 697 dicta,
340 645 423 702 petunt
432 645 522 702 portus,
534 644 556 685 et
567 637 618 686 vele
629 635 723 684 emundi

134 701 266 749 Intendunt
276 701 394 766 Zephyrit
410 699 484 748 fertur
494 701 539 749 cita
549 701 640 766 gurgite
650 701 743 759 classis;

134 767 170 814 Et
180 766 274 814 tandem
284 766 333 815 lati
343 773 404 813 notre
414 765 565 814 advertuntur
575 781 658 814 areum

168 831 205 878 At
214 831 295 896 procul
306 831 396 879 excelso
405 830 503 878 miratus
513 831 596 879 vertice
606 830 692 880 montis
777 829 809 878 35

133 895 272 944 Adventum
322 895 328 906 ’
370 909 401 942 ue
410 903 480 953 rates,
491 895 589 944 occurrit
596 895 700 956 Acestes,

134 959 261 1020 Horridus,
273 911 390 1021 iffi
401 966 424 1008 et
434 959 495 1024 pelle
506 959 633 1025 Libystidis
645 977 717 1020 ursae3

135 1025 210 1073 Troia
221 1025 321 1074 Grirniao
331 1031 468 1088 conceptum
479 1023 576 1074 flumine
584 1034 659 1073 mater

134 1089 215 1148 Quem
221 1089 309 1153 genuit.
324 1088 438 1137 Veterum
446 1103 493 1136 non
502 1088 625 1140 immemor
632 1087 671 1140 ille
677 1091 809 1156 paratim,

134 1154 247 1202 Gratatur
256 1153 360 1213 reduces,
371 1151 633 1218 etgafflloetusagresti
777 1155 812 1204 iil

132 1218 238 1282 Excipit,
250 1235 277 1267 ac
287 1215 358 1267 fessos
368 1217 451 1281 opibus
461 1218 550 1266 solatur
559 1219 646 1268 amicis.

135 1281 231 1332 Postera
241 1298 295 1332 cum
308 1283 384 1347 primo
394 1281 471 1330 stellas
480 1281 576 1331 Oriente
586 1283 680 1348 fugitet

133 1347 204 1396 clara
214 1347 271 1405 dies,
282 1347 353 1395 socios
363 1347 388 1394 in
396 1355 481 1395 coetum
491 1345 558 1396 litore
568 1351 598 1396 ab
608 1348 673 1396 omni

65 1442 80 1466 0
133 1412 242 1461 Advocat
252 1413 349 1472 AEneas,
360 1411 493 1478 tumulique
504 1425 534 1459 ex
544 1427 627 1476 aggere
637 1412 715 1460 fatur:

144 1485 148 1490 ’
167 1477 309 1525 Dardanidae
319 1477 408 1540 magni,
420 1491 493 1539 genus
504 1475 551 1524 alto
562 1493 576 1524 a
586 1478 698 1540 sanguine
708 1475 807 1535 Divom,

134 1541 239 1590 Annuus
250 1542 335 1589 exactis
345 1541 475 1605 completur
484 1541 603 1590 mensibus
613 1542 682 1603 orbis,
775 1541 808 1590 46

134 1605 175 1654 Ex
201 1622 233 1654 uo
243 1605 361 1670 relliquias
371 1605 491 1669 divinique
501 1620 552 1653 ossa
561 1605 663 1670 parentis
693 1615 695 1624 ’

135 1669 187 1720 con
205 1671 290 1718 'ditnus
301 1670 370 1730 terri,
382 1677 521 1734 moestasque
531 1669 670 1719 sanavimus
680 1685 739 1718 aras.

134 1734 240 1800 Jamque
247 1735 304 1796 dies,
311 1735 337 1788 ni
347 1734 423 1795 fallor,
430 1734 503 1793 adast,
510 1750 580 1798 quem
592 1750 640 1783 sem
690 1735 807 1795 acerbum,

135 1801 233 1865 Semper
241 1801 381 1848 honoratum
393 1800 445 1864 (sic,
456 1799 501 1857 Di,
512 1799 627 1862 voluistis)
669 1801 736 1848 bebo.
776 1801 808 1848 50

135 1865 209 1913 Hunc
219 1879 271 1929 ego,
283 1864 383 1912 Getulis
392 1879 485 1928 agerem
495 1863 515 1912 si
526 1865 632 1928 Syrtibus
643 1865 719 1924 exsul,

134 1930 275 1994 Argolicove
284 1928 344 1977 mari
354 1929 488 1993 deprensus,
500 1937 523 1977 et
533 1931 591 1986 urbe
603 1929 727 1993 Mycenae;

133 1997 226 2043 Annua
236 2002 290 2043 vote
299 2001 378 2042 tamen
389 1993 548 2058 sollennesque
557 1993 636 2041 ordine
646 2009 744 2058 pompae

134 2059 290 2124 Exsequerer‚
302 2066 460 2122 strueremque
470 2058 518 2106 uuis
528 2057 609 2106 altaria
619 2057 693 2106 donis.

133 2125 209 2174 Nune
218 2124 281 2172 ultro
291 2117 322 2173 ad
332 2123 418 2170 ‹tineres
428 2121 503 2186 ipsius
514 2131 537 2172 et
547 2137 599 2172 ossa
608 2123 718 2188 parentis,
777 2124 809 2170 55

134 2189 209 2238 Haud
215 2189 325 2253 equidem
330 2188 379 2236 sine
385 2197 464 2236 mente
471 2185 609 2253 (reor),sine
616 2187 811 2249 numineDivdm,

135 2254 268 2313 Adsumus,
280 2261 304 2301 et
312 2261 393 2316 portus
404 2251 475 2300 delati
485 2253 599 2301 intramus
609 2251 702 2302 amicos.

133 2317 200 2382 Ergo
210 2318 280 2382 agite,
291 2326 315 2366 et
324 2317 406 2366 leuem
416 2318 494 2366 cuncfi
501 2317 641 2368 celebremus
650 2317 777 2375 honoretn3

134 2383 264 2432 Poscamus
273 2391 369 2440 ventos3
386 2390 457 2446 atque
467 2382 517 2430 haee
526 2397 566 2430 me
576 2397 639 2430 sacra
649 2381 773 2446 quotannis

135 2448 202 2497 Urbe
212 2447 268 2495 velit
274 2447 351 2512 positi
360 2446 454 2510 templis
464 2445 509 2494 sibi
519 2445 578 2494 ferre
588 2446 676 2495 dicatis.
780 2445 812 2494 60

136 2511 200 2560 Bina
209 2514 282 2560 bodm
292 2511 358 2561 vobis
367 2509 441 2573 Troji
454 2519 576 2575 generabis
586 2511 682 2560 Aoestes

135 2576 186 2624 Dat
196 2591 295 2626 numero
305 2575 381 2641 capita
390 2576 416 2623 in
426 2591 512 2624 naves:
530 2575 637 2624 adhibete
649 2575 748 2623 Penates

135 2638 171 2689 Et
180 2641 267 2705 patrios
277 2641 361 2706 epulia
371 2649 397 2690 et
406 2655 465 2706 quos
475 2639 530 2690 colit
539 2641 623 2704 hospes
633 2639 737 2688 Acestes.
