1892 2917
146 86 178 135 tt
325 84 512 136 onoltolon
528 84 565 133 II·
582 77 640 135 250.

147 212 202 270 Sed,
209 212 267 277 pleis
274 212 298 261 in
306 228 403 273 morem,
410 214 531 277 eddigitos
537 212 760 263 lenoeeeitlrubendn.

148 278 256 327 Humido
266 280 365 339 majores
374 280 457 326 herbas
467 280 517 338 ulit,
526 279 622 341 ipseque
629 280 694 339 justo
771 280 820 327 261

147 342 247 391 Laetior:
266 342 311 389 oh!
330 343 429 389 nimium
440 359 470 390 ne
480 344 510 390 sit
520 342 579 389 mihi
590 343 670 391 fertilis
680 344 731 405 illa,

148 408 204 455 Neu
214 423 238 454 se
248 408 396 471 prsevalidam
407 407 489 471 primis
499 407 604 455 ostendat
613 408 704 455 aristis!

149 472 211 530 Quae
221 472 296 535 gravis
306 481 348 531 est,
359 472 409 533 ipso
420 471 513 518 tacitum
525 486 549 518 se
558 472 660 534 pondere
669 471 755 535 prodit,

149 536 256 599 Quaeque
271 536 335 583 levis.
360 536 483 583 Promtum
500 543 534 583 est
549 536 622 584 oeulis
637 536 771 599 praedisoere
786 536 825 585 ni-

246 616 320 663 gram,
774 604 824 650 255

150 664 185 712 Et
196 664 248 727 quis
259 666 296 712 cui
307 666 376 713 color.
390 665 426 712 At
437 666 573 713 scelerumm
586 666 707 730 exquirere
716 667 792 731 frigus

151 728 253 777 Difficile
264 739 311 777 est:
329 730 400 792 pioeae
408 738 499 776 tuntum
511 730 605 793 taxique
612 740 720 779 nocentes

152 794 284 853 Interdum,
297 802 337 841 aut
348 794 437 841 hederae
447 794 554 857 pendunt
564 795 660 857 vestigia
668 795 749 858 nigrae.

97 887 101 893 ,
185 857 231 905 llis
242 858 414 915 animadversis,
427 870 511 905 terram
523 860 599 905 multo
609 868 662 907 unte
672 869 791 908 memento

152 922 297 985 Excoqmre,
307 930 329 969 et
339 937 435 985 magnos
446 923 563 970 scrobibus
573 923 690 971 ooneidere
699 934 806 982 montes3

151 988 217 1033 Ante
228 985 345 1049 supinatas
355 986 470 1049 Aquiloni
479 987 596 1034 ostendere
606 988 693 1050 glebas,
774 990 823 1038 261

153 1049 233 1108 Quam
244 1049 325 1097 laetum
335 1050 433 1099 infodies
443 1051 496 1098 vitis
506 1065 595 1113 genus:
614 1052 703 1115 optima
712 1054 776 1116 putri

152 1114 220 1163 Arva
230 1115 293 1161 solor
313 1114 338 1162 id
348 1115 410 1163 venti
421 1124 511 1172 curant,
522 1116 650 1180 gelideque
659 1117 758 1180 pruine,

92 1180 94 1183 '
152 1177 187 1225 Et
196 1178 309 1226 labefacta
319 1182 414 1227 movens
423 1182 532 1227 robustus
540 1181 623 1243 jugeru
632 1181 713 1229 fossor.

151 1244 197 1301 At,
209 1243 229 1290 si
240 1258 298 1306 quos
306 1243 369 1290 haud
380 1244 428 1291 ulle
438 1244 500 1292 viros
510 1244 629 1307 ugilmm
638 1245 708 1309 fugit,
774 1246 824 1293 265

152 1308 218 1353 Ante
229 1306 307 1354 locum
318 1307 416 1355 similem
428 1308 563 1372 exquirunt,
575 1309 616 1356 ubi
624 1310 700 1372 primu
709 1319 804 1375 peretur

153 1371 285 1420 Arboribus
296 1387 367 1435 seges,
380 1380 402 1418 et
413 1388 460 1436 quo
470 1388 527 1420 mox
538 1372 626 1436 digesta
636 1373 730 1435 feratur,

154 1436 273 1483 Mutatam
284 1436 390 1499 ignorent
400 1437 477 1484 subito
486 1452 516 1485 ne
526 1438 615 1485 semino
624 1447 731 1487 matrem.

136 1518 138 1523 ’
153 1500 299 1558 Quinetiam
311 1501 361 1548 coeli
371 1501 488 1563 regionem
496 1502 521 1547 in
532 1502 613 1549 oortiee
623 1503 730 1566 signent3
764 1563 767 1566 x

153 1565 196 1623 Ut,
206 1581 252 1628 quo
263 1580 362 1629 quaeque
372 1565 441 1612 modo
452 1566 546 1624 steterit,
558 1566 606 1628 qui
615 1576 681 1630 purte
690 1570 777 1617 calores

136 1684 139 1688 ¹
153 1629 277 1677 Austrinos
288 1630 374 1688 tulerit,
388 1628 464 1694 [quae]
477 1640 541 1693 tergo
551 1631 731 1693 obverterit‘uxi,
776 1635 822 1689 271

154 1693 303 1750 Restituunt3
321 1694 377 1741 adeo
388 1694 412 1741 in
423 1695 507 1742 teneris
518 1710 661 1743 wneuestere
671 1698 774 1746 multum
783 1707 827 1747 est.

155 1757 268 1815 Collibus,
280 1772 310 1805 en
319 1758 389 1821 plano
399 1758 483 1806 melius
494 1759 523 1806 sit
532 1774 618 1823 ponere
628 1760 708 1822 vitem,

154 1821 240 1880 Quaere
250 1822 322 1885 prius.
340 1822 365 1869 Si
375 1822 468 1886 pinguis
479 1840 546 1886 egros
555 1826 672 1872 metabere
682 1827 767 1891 oempi,

125 1884 127 1889 '
154 1885 234 1933 Densa
242 1902 305 1942 sere;
323 1886 348 1933 in
358 1885 429 1934 denso
439 1902 486 1934 non
497 1888 587 1950 segnior
597 1891 668 1937 ubere
678 1891 792 1941 Boethus.

153 1950 196 1999 Sin
207 1951 305 1997 tumulis
316 1950 400 1999 acclive
411 1952 486 1999 solum
498 1954 611 2016 eollesque
622 1955 726 2016 supinos,
776 1960 825 2014 276

154 2014 255 2077 Indulge
266 2015 399 2063 ordinibus:
416 2030 458 2063 nec
468 2016 541 2065 secius
551 2017 627 2065 omnis
636 2018 661 2065 in
672 2035 776 2084 unguem

153 2079 285 2127 Arboribus
295 2080 375 2143 positis
387 2089 448 2128 secto
459 2080 497 2128 vie
504 2082 579 2129 limite
588 2082 693 2145 quadret.

153 2143 188 2191 Ut
199 2159 268 2207 sepe,
279 2144 368 2207 ingenti
377 2145 439 2193 bello
449 2160 503 2192 eum
513 2146 583 2210 longe
592 2147 695 2195 eohortee

153 2207 275 2271 Explicuit
285 2209 354 2271 legio,
366 2218 389 2257 et
399 2224 481 2273 compo
489 2211 551 2258 stetit
561 2226 645 2274 agmen
655 2221 742 2276 operto,
776 2218 826 2266 260

153 2272 299 2336 Direcmque
310 2274 377 2331 acies,
388 2289 415 2321 eo
422 2274 468 2321 lete
479 2274 575 2323 fluctuat
585 2276 661 2323 omnis

153 2338 212 2384 AEre
222 2338 335 2385 renidenti
345 2339 422 2395 tellus,
431 2352 473 2385 neo
484 2339 541 2385 dnm
551 2340 644 2387 horride
653 2341 751 2391 misemt

154 2400 248 2460 Proeliu,
256 2402 295 2449 sed
306 2402 390 2449 dubius
401 2403 482 2450 mediis
493 2402 560 2451 Mers
570 2414 630 2452 errat
639 2404 665 2451 in
674 2407 760 2455 armine

154 2464 244 2513 Omnia
255 2466 300 2513 sint
310 2467 404 2529 peribus
415 2466 517 2514 numeris
527 2467 632 2516 dimenso
641 2469 747 2528 vinmm3

154 2529 211 2577 Non
222 2528 328 2577 animum
338 2530 408 2579 modo
418 2531 453 2578 uti
463 2541 542 2595 penest
553 2541 686 2608 prospetms
696 2534 789 2585 inanem
800 2554 809 2594 ς

154 2592 662 2663 Sedquienonaliterviresdnbitommbus
670 2614 747 2663 eques
776 2602 826 2651 286
872 2644 877 2647 .

937 497 940 600 J
