1892 2917
292 77 436 157 'nnsis
453 106 502 155 ιιι.
518 100 574 155 sm
730 105 780 155 aaa

113 232 150 283 Ut
159 232 232 284 bivias
243 244 331 283 umato
341 234 445 284 obsidem
454 231 623 293 militefsaees.
729 234 780 285 516

114 299 156 346 Tu
168 299 317 362 Tyrrhenum
329 300 430 363 equitem
442 298 530 347 collatis
540 300 619 363 excipe
629 297 715 362 signis,

113 363 206 411 Tecum
216 378 267 411 acer
277 363 399 427 Messapus
409 364 459 424 erit,
471 372 599 427 turmaque
610 364 709 422 latine,

114 426 263 491 Tiburnique
271 443 369 475 manusc
386 428 450 477 ducis
459 437 483 477 et
492 436 519 474 tu
529 428 623 491 concipe
633 442 721 476 curam.

113 490 153 539 Sic
163 490 204 550 eit,
216 499 239 539 et
248 493 340 555 paribus
351 492 487 556 Messapum
496 491 521 539 in
531 492 611 554 proelia
621 491 687 539 dictis
729 493 779 540 520

112 555 235 616 Hortatur,
246 557 362 620 sociosque
372 557 455 613 duces;
474 566 498 604 et
507 557 582 619 pergit
590 558 616 604 in
625 556 723 603 hostem.

112 618 157 667 Est
167 634 236 669 curvo
246 620 349 669 anfractu
361 622 439 682 ualles,
450 621 597 671 accommoda
606 620 683 668 standi

111 682 286 748 Armorumque
296 685 371 743 d01is;
388 702 460 749 quam
470 685 546 733 densis
556 684 675 733 frondibus
685 692 763 732 auum

112 748 188 811 Urget
198 748 315 813 utrimque
323 750 400 806 latus;
417 749 493 797 tenuis
502 765 550 813 quo
559 749 641 797 semita
650 748 723 808 ducit,

112 812 273 876 Angustaque
283 813 361 861 ferunt
369 813 446 861 fauces
456 814 578 877 aditusque
587 813 691 875 maligni.
730 814 780 859 525

113 876 183 924 Hanc
191 892 267 940 super,
276 875 300 924 in
308 878 405 941 metuis
413 894 550 942 summoque
559 878 584 925 in
595 876 678 927 vertice
685 876 779 938 montis,

113 939 224 988 Planities
234 940 313 1005 ignota
321 942 390 1003 jacet,
401 943 492 1006 tutique
502 950 617 1005 receptum

113 1006 159 1053 Seu
170 1005 252 1053 dextri
260 1006 364 1070 laevique
375 1007 430 1055 velis
440 1022 555 1055 occurrere
564 1022 658 1071 pugne,

112 1068 166 1117 Sive
176 1069 259 1117 instare
267 1070 339 1133 jugis,
351 1080 374 1119 et
383 1070 479 1133 grandia
488 1072 578 1120 volvere
588 1086 652 1119 saxa

34 1150 37 1175 ι
111 1132 170 1181 Huc
178 1133 269 1194 juvenis
279 1135 334 1183 noti
344 1134 416 1183 fertur
425 1136 518 1198 regione
528 1136 631 1193 viarum
729 1136 779 1183 530

110 1196 266 1261 Arripuitque
275 1198 362 1259 locum,
373 1207 396 1247 et
406 1200 468 1248 silvis
479 1200 562 1247 insedit
571 1199 665 1263 iniquis.

36 1317 37 1323 ¹
145 1261 255 1310 Velocem
265 1262 351 1311 interea
360 1264 449 1326 superis
459 1264 485 1311 in
495 1263 587 1312 sedibus
597 1264 681 1327 Opim,

111 1324 192 1373 Unam
203 1342 232 1373 ex
244 1326 369 1389 virginibus
379 1328 444 1376 sociis
454 1328 563 1391 sacrique
572 1328 671 1387 catervi,

112 1389 282 1451 Gompdlabst,
294 1400 316 1438 et
326 1391 367 1439 has
377 1392 451 1440 tristes
462 1391 562 1440 latonia
572 1407 637 1440 voces
729 1392 778 1439 534

112 1451 162 1501 Ore
172 1453 255 1501 dabat:
274 1454 383 1503 Grsditur
393 1456 482 1504 bellum
492 1455 522 1504 ad
532 1456 623 1505 crudele
632 1455 740 1515 Camilla,
784 1470 789 1496 ῑ

111 1515 137 1565 O
148 1516 219 1580 virgo,
231 1526 255 1566 et
265 1520 347 1567 nostris
357 1520 514 1584 nequidquam
525 1520 625 1582 cingitur
634 1520 712 1578 annis,

22 1626 23 1629 ,
111 1580 173 1629 Cera
182 1582 241 1629 mihi
251 1590 304 1631 ante
314 1583 384 1631 alius:
402 1598 478 1647 neque
488 1583 551 1631 enim
561 1598 634 1632 novus
643 1584 686 1631 iste
693 1583 780 1632 Dianas

22 1688 23 1697 ,
111 1644 185 1693 Venit
195 1661 268 1707 amor,
279 1647 402 1711 subitique
411 1648 517 1695 smmum
527 1647 647 1695 dulcedine
656 1647 736 1696 movit

22 1700 23 1716 ¹
111 1708 199 1757 Pulsus
209 1713 239 1759 ob
250 1710 361 1759 invidiam
371 1726 441 1774 regno
449 1711 553 1775 viresque
563 1714 680 1775 superbas,

109 1773 223 1821 Priverno
232 1774 329 1849 antiqui.
338 1774 449 1824 Metabus
460 1790 514 1823 cum
524 1776 642 1824 excederet
651 1778 718 1835 urbe,
729 1776 779 1825 tto

110 1837 238 1898 Infantem,
249 1838 340 1901 fugiens
349 1840 425 1887 media
435 1840 494 1887 inter
503 1840 583 1902 proelia
592 1840 657 1901 betti,

110 1902 212 1949 Sustulit
221 1901 300 1949 exsilio
311 1903 425 1963 comitem,
437 1904 563 1967 matrisque
572 1906 663 1953 vocavit

110 1966 214 2041 Nomine
225 1966 349 2026 Oasmillae,
360 1968 533 2043 mutatiparte,
545 1968 677 2018 Camillam.

22 2030 64 2109 ι’
109 2028 776 2161 ilffilfililss'ffiuliffflvl‘piideffl

22 2142 67 2232 *ep
110 2157 145 2205 nt
155 2158 292 2207 arnam>
303 2160 430 2208 venenant
439 2160 513 2207 mure
523 2160 609 2209 vam.

22 2206 32 2239 Β
66 2284 68 2289 Α
109 2222 180 2281 Eece,
190 2222 253 2287 fuge
263 2223 347 2284 medio,
360 2224 456 2273 summis
465 2225 598 2273 Amasenus
607 2226 728 2275 abundans

22 2299 71 2403 ot
109 2286 695 2415 illidllllnllffiplllbllibl‘tn

22 2422 27 2436 ·
111 2414 237 2477 Tardatur,
248 2431 345 2481 caroque
355 2418 418 2465 oneri
428 2387 502 2465 timed
535 2417 624 2466 Omnia
632 2433 710 2467 secum
726 2420 777 2467 teo

109 2478 219 2531 versanti
228 2481 305 2529 subito
311 2480 351 2530 vix
360 2481 410 2529 hec
420 2480 532 2531 autentis
542 2481 615 2530 sedit:

55 2561 59 2572 ¹
109 2542 197 2595 Telum
207 2544 317 2605 immane,
328 2560 400 2593 manu
411 2545 489 2596 validd
498 2545 562 2609 quod
571 2546 630 2595 forte
639 2544 733 2609 gerebat

110 2606 624 2673 Bellator,solidumnodisetroboreoocto;

23 2534 33 2567 1
