1892 2917
324 85 449 138 AErtnls.
466 86 544 138 vnl.
561 87 619 138 8⁹6·
762 87 809 136 ²⁶1

134 214 484 279 Qufloeumpetisenlto?
500 215 664 266 fidueiaceaait
692 237 694 244 ’
761 216 811 268 395

136 280 194 340 Quo
204 281 256 340 tibi,
268 280 340 340 Diva,
351 280 419 330 mei?
436 282 519 328 similis
530 281 550 330 si
560 297 616 329 cura
626 281 716 342 fuisset,

135 345 203 393 Tum
213 361 307 409 quoque
317 345 354 393 fas
363 346 430 394 nobis
442 347 545 394 Teucros
555 361 644 394 armare
655 346 752 403 firissetr

134 410 188 459 Nec
200 411 270 458 Pater
280 411 426 474 omnipotens
437 411 546 473 ijsm,
558 426 600 458 nec
610 411 659 458 fata
669 411 778 458 vetabant

135 475 211 533 Stare,
218 475 344 539 decemque
353 476 411 522 alios
420 476 541 524 Priamum
552 490 670 538 superesse
680 490 721 537 per
731 489 812 525 muca.

134 539 170 587 Et
181 554 253 597 nunc,
264 539 380 588 sibellare
391 555 467 602 paras,
478 550 549 604 atque
559 539 609 588 haec
620 537 662 586 tibi
673 554 739 586 mens
750 549 793 597 est,

135 603 261 668 Quidquid
271 605 296 651 in
306 614 355 652 arte
364 606 418 652 meir
428 619 524 667 possum
535 604 668 666 promittere
679 619 749 664 curte,
761 604 807 654 401

135 667 209 727 Quod
219 669 269 716 fieri
279 669 338 716 ferro
349 669 467 733 liquidove
477 678 552 732 potest
563 669 654 728 electro,

135 731 260 790 Quanmm
271 734 337 796 ignes
349 733 480 798 animaque
491 734 585 791 valent3
602 733 685 780 absiste
695 731 811 796 precando

134 796 232 845 Viribus
241 798 372 846 indubitare
382 798 435 846 tuis.
453 800 491 846 Ea
501 800 570 846 verba
580 799 680 853 locutus,

134 860 236 923 Optatos
246 862 310 911 dedit
319 863 452 926 amplexus,
462 862 627 927 placidumque
637 861 727 926 petivit,
761 864 810 911 too

134 925 248 989 Coniugis
258 927 348 975 infusus
359 927 455 990 gremio,
466 943 508 991 per
518 929 623 976 membra
633 942 745 990 soporem.

168 991 228 1038 Inde
238 991 279 1040 ubi
290 991 366 1055 prima
376 993 441 1056 quies
452 992 529 1040 medio
538 985 588 1053 jam
599 992 673 1040 noctis
684 993 772 1039 abacta

136 1054 258 1104 Curriculo
269 1056 390 1120 expulerat
399 1072 524 1115 somnum;
536 1072 589 1106 cum
598 1056 685 1104 femina
695 1057 808 1119 primum,

134 1119 181 1168 Cui
192 1120 288 1169 tolerare
298 1121 349 1168 colo
359 1121 431 1170 vitam
443 1122 553 1185 tenuique
565 1121 674 1170 Minervl

134 1183 286 1247 Impositum,
299 1185 398 1234 cinerem
408 1194 431 1233 et
442 1186 530 1247 sopitos
541 1187 636 1234 suscitat
646 1185 719 1248 ignes,
759 1185 808 1233 tto

135 1249 236 1297 Noctem
247 1249 334 1298 addens
344 1250 424 1313 operi;
440 1250 586 1313 famulemus
596 1250 626 1297 ad
637 1250 727 1298 lumina
737 1250 808 1313 longo

133 1313 236 1361 Exercet
246 1329 326 1377 penso,
337 1324 428 1362 castum
439 1324 466 1362 ut
477 1331 565 1362 servare
576 1315 652 1362 cubile

134 1378 259 1441 conjugis,
270 1388 294 1426 et
304 1379 377 1442 possit
386 1395 470 1442 parvos
481 1379 576 1427 educere
587 1391 668 1426 natoar

135 1442 209 1489 Haud
220 1459 285 1491 secus
296 1443 441 1507 Ignipotens,
452 1459 495 1492 nec
506 1453 609 1506 tempore
623 1442 714 1519 segnior
724 1443 774 1500 illo,

134 1507 250 1556 Mollibus
261 1523 274 1555 e
285 1510 361 1555 stratis
371 1524 441 1572 opera
450 1509 481 1556 ad
491 1508 583 1556 fabrilia
594 1517 676 1570 surgit.
759 1507 809 1555 tlt

167 1571 251 1620 Insula
261 1573 381 1621 Sicanium
390 1574 460 1634 juxta
469 1573 531 1620 latua
542 1573 693 1636 AEoliamque

134 1636 241 1699 Erigitur
252 1637 362 1700 Liparen,
373 1638 520 1686 fumantibus
531 1637 604 1685 ardua
615 1637 691 1696 aaxis3

134 1701 216 1760 Quam
226 1703 312 1760 subter,
324 1718 406 1764 specus
416 1714 440 1750 et
450 1702 581 1766 Cyclopum
592 1717 661 1750 exesa
671 1699 768 1749 caminis

133 1766 214 1813 Antra
223 1766 317 1814 AEtnaea
327 1776 417 1826 tonant,
428 1767 546 1830 validique
560 1767 683 1814 incudibus
694 1767 754 1814 ictus

131 1829 219 1878 Auditi
229 1830 330 1879 rumne
340 1831 463 1894 gemitum,
476 1831 623 1894 striduntque
633 1831 735 1879 cavernis
758 1829 809 1879 420

133 1895 253 1944 strictura
264 1894 406 1959 Chalybum,
418 1905 442 1944 et
452 1896 584 1944 fornacibus
594 1895 656 1958 ignis
666 1895 776 1953 anhelat;

132 1959 236 2008 Vulcani
246 1959 338 2021 domus,
350 1970 374 2008 et
384 1960 501 2008 Vulcania
512 1960 606 2008 nomine
617 1959 695 2008 tellus.

134 2024 191 2072 Huc
202 2031 258 2072 tunc
269 2024 406 2088 Ignipotens
417 2025 474 2072 mlo
485 2024 603 2072 descendit
613 2025 642 2072 ab
654 2024 707 2072 alto.

167 2089 266 2137 Ferrum
277 2092 413 2138 exercebant
423 2100 489 2138 vasto
501 2089 613 2152 Cyclopes
624 2088 648 2136 in
660 2097 734 2147 antro,

132 2153 287 2218 Brontesque,
299 2156 460 2218 Steropesque,
473 2163 496 2202 et
507 2153 584 2202 nudus
599 2156 704 2202 membra
721 2154 809 2217 Pyrae-

230 2233 293 2266 mon.
756 2219 806 2266 425

67 2287 72 2292 “
133 2284 180 2332 His
188 2284 341 2332 informatum
350 2283 469 2343 manibus,
479 2285 529 2345 jam
541 2291 606 2346 parte
617 2281 698 2345 politi,

132 2349 235 2396 Fulmen
246 2358 308 2405 erat;
326 2358 374 2396 toto
384 2348 476 2412 genitor
487 2364 540 2411 quae
551 2348 654 2411 plurima
665 2347 722 2396 coelo
795 2387 799 2398 ,

131 2412 220 2474 Dejicit
228 2413 254 2459 in
266 2421 354 2471 terras3
370 2428 425 2474 para
435 2413 570 2474 imperfecta
581 2414 698 2460 manebat.

133 2478 193 2526 'rte
203 2477 285 2525 imbria
296 2478 349 2526 torti
359 2477 444 2536 radios,
456 2487 502 2525 tres
513 2477 581 2526 nubis
591 2492 685 2542 aquosae

131 2542 289 2603 Addiderunt,
300 2541 365 2590 mtili
376 2551 421 2590 tres
431 2542 527 2605 igniret
538 2541 600 2590 alitis
610 2540 691 2590 austri.
758 2543 807 2592 4³⁰

132 2607 246 2670 Fulgores
256 2621 320 2656 nunc
329 2607 456 2670 horrificos,
467 2607 625 2670 sonitumque,
636 2613 781 2672 metumque,
807 2657 811 2664 ,
