1892 2917
328 108 531 160 AENEMII.
547 109 609 159 uolt
751 109 807 166 287!

131 235 275 288 Neernshis
283 237 386 299 miseret,
395 253 469 303 quam
476 238 551 302 primo
557 237 679 302 Aquilone
684 237 801 304 relinquet

131 302 247 363 Perfidus,
258 303 306 350 alta
315 311 396 366 petens
405 303 505 351 abducti
515 303 610 366 virgine,
621 303 717 368 predo?
749 303 799 350 362

131 367 169 415 At
178 383 225 415 non
236 368 269 416 sic
279 367 396 430 Phrygius
407 368 513 431 penetrdt
521 367 689 417 Lacedremona
698 377 785 432 pastor,

132 431 289 496 Ledmmque
299 431 415 480 Helenam
427 433 541 493 Troianas
551 432 614 480 vexit
624 433 655 480 ad
665 435 750 482 urbes?

132 495 199 554 Quid
209 504 250 544 tua
261 505 340 544 sancta
348 497 423 545 tides?
439 497 497 560 qnid
507 512 562 544 cura
572 496 667 560 antique
678 505 781 554 tuorum,

132 559 167 608 Et
180 561 348 624 consanguineo
359 561 424 608 toties
434 561 489 609 data
499 561 593 610 dextere
604 561 701 610 Turno?
751 561 801 610 366

133 624 160 672 si
171 639 241 686 gener
251 625 345 672 externit
355 625 441 687 petitur
451 625 480 672 de
490 635 558 688 gente
568 625 667 687 Latinis,

132 687 210 751 quue
219 688 290 747 sedet,
302 689 424 753 Faunique
433 698 543 752 prensunt
552 698 575 737 te
583 691 648 751 jusus
658 689 773 754 parentis3

74 760 78 767 “
132 751 238 800 Omnem
248 754 356 817 equidem
367 753 460 817 sceptris
470 763 554 801 terram
565 770 618 817 quae
627 754 699 803 libera
708 753 793 802 nostris

132 815 246 877 Dissidet,
257 826 376 866 externam
386 833 446 878 reor,
458 827 481 865 et
492 817 524 866 sic
534 818 608 866 dicere
619 818 700 866 Divos.
751 817 801 873 370

132 880 169 928 itt
180 881 270 940 Turno,
281 881 386 946 siprima
395 881 478 930 domus
490 890 606 946 repetatur
616 882 688 945 origo,

133 944 236 993 Inachus
245 946 398 1009 Acrisiusque
407 954 492 1009 patres,
503 946 631 1010 mediaque
641 948 757 1011 Mycena.

166 1009 213 1056 His
223 1011 264 1058 ubi
274 1009 433 1074 nequidquam
442 1009 509 1058 dictis
520 1021 621 1075 experts,
633 1012 745 1060 Lah'num

134 1073 222 1122 Coum
231 1083 290 1122 stare
300 1075 371 1135 videt,
382 1074 520 1139 penitusque
530 1076 555 1123 in
566 1076 651 1124 meets
660 1077 753 1141 lapsum

134 1138 251 1201 Serpentis
261 1139 343 1187 furiale
353 1138 453 1198 malum,
463 1148 583 1204 totamque
593 1151 707 1205 pererrat3
754 1140 802 1196 375

134 1202 200 1249 Tum
211 1219 265 1252 vero
274 1203 366 1263 infelix,
377 1203 511 1266 ingentibus
522 1204 597 1253 excita
606 1207 723 1265 monstris,

135 1266 280 1315 Immensum
291 1268 342 1316 aine
350 1283 415 1315 more
424 1268 482 1316 furit
492 1269 613 1332 lymphata
623 1286 664 1334 per
674 1273 763 1318 urbem.
815 1301 820 1310 s

136 1331 186 1379 Ceu
197 1331 315 1394 quondam
326 1341 386 1380 torto
396 1332 494 1380 volitans
505 1335 548 1382 suh
558 1336 650 1382 verbere
661 1337 738 1394 turbo,
802 1363 805 1378 ι

136 1394 216 1452 Quem
226 1397 292 1458 pueri
302 1411 387 1459 magno
398 1396 423 1442 in
433 1412 491 1459 gyro
502 1413 574 1445 vacua
584 1398 642 1446 stria
652 1400 738 1446 circum

136 1459 224 1507 Intenti
234 1460 290 1507 ludo
301 1469 423 1516 exercent;
439 1460 479 1508 ille
489 1470 553 1510 actus
563 1461 653 1510 habenis
754 1462 804 1510 38⁰

137 1523 244 1572 Curvatis
254 1524 326 1572 fertur
336 1524 431 1587 spatiis3
449 1534 527 1588 stupet
537 1525 608 1574 inscia
619 1543 689 1590 supra

135 1589 295 1651 Impubesque
304 1605 398 1647 manus,
408 1589 492 1637 mirata
502 1591 602 1638 volubile
612 1593 719 1650 buxum3

136 1652 203 1699 Dant
213 1653 302 1700 animos
312 1654 402 1716 plagas
419 1668 466 1700 non
477 1669 544 1702 cursu
555 1655 645 1718 segnior
653 1657 695 1704 illo

136 1716 182 1763 Per
192 1716 280 1764 medias
290 1719 358 1765 urbes
369 1717 445 1780 egitur
454 1719 599 1782 populosque
609 1721 701 1770 feroces.

135 1779 205 1838 Quin
214 1781 284 1828 etiam
294 1781 320 1828 in
330 1782 407 1836 silvas,
419 1783 529 1830 simulato
539 1782 634 1832 numine
644 1785 741 1848 Bacchi,
756 1785 811 1832 385.

135 1844 219 1905 Majus
229 1844 309 1893 adorta
317 1846 391 1907 nefas,
402 1847 559 1911 majore-que
569 1863 621 1896 orsa
630 1849 741 1911 furora,

135 1910 229 1966 Evolat,
242 1916 265 1956 et
275 1917 354 1957 natam
364 1910 478 1958 frondosis
487 1912 606 1961 montibus
616 1914 696 1971 abditt

136 1973 192 2031 Quo
203 1973 333 2021 thalamum
343 1975 426 2038 eripiat
434 1975 540 2036 Teucris,
551 1977 667 2041 taedasque
677 1985 779 2026 morehrr
786 1995 798 2026 s,

136 2038 197 2086 Euoe
207 2038 308 2097 Bacche,
319 2038 428 2098 fretnens,
440 2040 516 2088 solum
527 2049 551 2088 te
561 2041 649 2104 virgine
659 2041 766 2105 dignum

88 2131 93 2139 ·
136 2102 284 2162 vociferans3
295 2103 381 2151 etenim
391 2103 473 2152 molles
483 2104 526 2153 tibi
536 2121 626 2153 sumere
636 2105 735 2170 thyrsos,
758 2107 807 2156 ³90

136 2167 174 2214 'l'e
183 2167 280 2215 lustrare
290 2167 367 2223 choro,
379 2183 471 2216 sacrum
482 2168 524 2216 tibi
535 2184 627 2231 pascere
637 2171 730 2218 crinem

171 2232 246 2280 Fama
256 2231 333 2289 volst3
350 2232 376 2280 fu
389 2232 404 2242 ”’
432 2248 462 2280 ue
473 2248 579 2282 accensas
588 2243 678 2298 pectore
688 2242 784 2282 matres

137 2295 205 2345 Idem
216 2310 296 2343 omnes
307 2296 378 2344 simul
443 2297 521 2360 regit,
533 2313 593 2346 nova
604 2313 704 2362 querere
715 2307 782 2346 tecta.

138 2360 267 2408 Desemdre
277 2360 358 2408 domos
367 2378 375 2408 r
393 2361 466 2408 ventis
477 2361 533 2408 dmt
544 2362 602 2409 colla
612 2378 742 2427 comasque.

137 2424 185 2472 Ast
195 2424 247 2471 aliae
257 2425 362 2472 tremulis
373 2424 501 2473 ululatibus
512 2425 597 2474 aethera
607 2428 733 2490 complent,
758 2426 808 2477 395

140 2488 326 2552 Pampineasque
336 2498 429 2552 gerunt,
438 2489 543 2538 incinctae
553 2489 663 2553 pellibus,
674 2491 760 2540 hastae.

138 2553 197 2614 Ipsa
205 2552 265 2600 inter
274 2553 364 2601 medias
372 2553 508 2617 flagrantem
519 2554 608 2604 fervida
617 2554 701 2618 pinum

139 2616 251 2678 Sustinet,
262 2632 290 2666 ac
299 2626 361 2668 nata
373 2618 496 2683 Turnique
506 2619 568 2671 canit
577 2619 721 2682 hymeneos,
