1892 2917
117 87 164 139 ras
327 88 450 137 naam.
467 88 505 137 rs
522 89 578 144 474
671 75 672 78 ’
700 132 712 142 .

6 276 8 279 ¹
117 216 220 278 lubrica
228 217 346 266 ooavoivit
355 217 448 265 sobiam
457 225 549 280 pectore
559 225 633 282 terga,
739 214 788 271 474

116 280 215 328 Arduus
225 281 256 328 ad
267 282 348 342 solem,
360 290 384 330 et
393 282 481 345 linguis
491 283 562 332 miost
574 282 636 346 [ore]
646 280 755 328 trisulcis.

118 345 173 393 Una
182 346 265 409 ingens
276 347 397 409 Periphas,
409 355 432 394 et
441 362 555 410 equorum
566 347 665 410 agitatm
674 345 787 407 Achillis,

116 410 227 474 Armiger
236 412 397 471 Automedon,
410 411 459 459 uuis
468 413 545 460 omnis
555 412 635 475 Scyria
644 412 727 473 pubes,

117 475 251 534 Succedunt
260 485 329 536 teoto,
340 485 364 524 et
373 477 480 524 flammas
491 476 522 523 ad
532 477 636 524 eulmina
645 477 744 537 Jaetant.

100 588 103 593 ,
116 539 241 616 Ipseinter
250 541 338 604 primos
348 545 452 604 correpta
462 540 520 588 duro
529 541 626 603 bipenni

117 604 214 652 Iumina
223 606 361 668 perrumpit,
372 615 495 668 postesque
505 620 519 651 a
529 605 620 654 cardine
631 604 697 652 vellit
740 603 788 652 480

117 669 227 731 AEratos3
242 672 347 734 jamque,
359 669 435 718 excissi
444 672 517 730 trabe,
529 670 597 718 firma
607 669 697 718 oemvit

117 733 220 795 Robora,
233 743 257 783 et
265 734 383 797 ingentem
393 735 442 782 lato
452 734 516 782 dedit
526 750 565 782 ore
575 735 706 782 fenestram.

117 796 226 860 Apparet
235 799 320 846 domus
329 799 402 859 intus,
414 807 437 847 et
447 798 505 846 atria
514 799 586 862 longa
613 807 732 846 enacarat:

117 863 241 925 Apparent
252 863 341 911 Priami
351 871 375 911 st
384 871 487 912 veterum
497 878 557 927 pene
600 865 623 911 is
633 879 731 926 regum

117 927 276 991 Armatosque
285 928 365 975 vident
375 936 461 976 stantes
471 928 496 976 iu
507 928 588 976 limine
598 927 682 990 primo.
741 927 790 975 485

116 1028 118 1031 .
149 992 187 1039 At
196 992 280 1039 domus
289 992 382 1040 interior
391 993 480 1054 gemitu
491 993 735 1056 miseroquetumulnr

119 1056 249 1113 Miscetu13
266 1057 405 1120 penitusque
415 1071 477 1104 care
487 1056 638 1120 plangoribus
648 1058 708 1106 edes

120 1120 237 1168 liernineis
244 1121 354 1179 -ululant3
370 1121 424 1169 ierit
433 1135 504 1169 aurea
513 1122 587 1169 sidera
597 1123 691 1170 damur.

121 1184 186 1231 Tum
196 1185 287 1246 pavide
297 1186 361 1233 tectis
371 1194 456 1234 matres
466 1186 600 1249 ingentibus
610 1195 694 1246 errant,
738 1187 787 1235 489
802 1189 805 1194 “

120 1249 476 1314 Amplexaequeteuentpostes,
487 1259 557 1314 atque
568 1251 740 1314 oseuhfigunt
866 1283 869 1286 -

121 1314 198 1362 Instat
207 1314 231 1362 ri
241 1313 317 1376 patrii
328 1315 447 1378 Pyrrhus3
464 1329 507 1363 nec
517 1315 624 1376 claustra,
635 1331 711 1380 neque
721 1317 768 1380 ipsi

121 1377 235 1427 Custodes
244 1379 339 1427 sufferre
348 1379 434 1427 valent.
469 1379 547 1428 habat
557 1380 626 1428 ariete
636 1383 715 1428 crebro

120 1442 210 1505 Jauua,
222 1452 245 1492 et
254 1444 326 1491 unoti
335 1445 492 1506 procumbunt
502 1444 594 1492 osrdine
604 1454 689 1508 postes.

121 1507 162 1556 Fit
171 1508 210 1555 via
220 1509 257 1556 viz
274 1516 388 1570 rumpunt
398 1508 483 1569 aditus,
495 1509 628 1574 primosque
638 1509 755 1557 trucidant

122 1572 227 1621 Immtssi
237 1571 324 1631 Danai,
335 1581 359 1621 et
368 1572 414 1620 iste
424 1573 476 1621 loa
485 1573 560 1622 milite
570 1575 694 1637 complent.
743 1575 791 1622 495

122 1637 179 1685 Non
190 1638 231 1698 sie,
242 1636 364 1700 aggeribus
373 1637 458 1700 ruptis,
469 1653 526 1687 oum
533 1654 643 1703 spumeus
651 1639 727 1688 amnis

121 1702 197 1761 Exiit,
208 1702 370 1766 oppositasque
380 1702 448 1750 evicit
458 1702 550 1766 gurgite
560 1703 642 1764 moles,

121 1766 794 1832 Famamfurenscumulqcamposqueperomna
831 1743 835 1748 ἡ
940 1835 945 1842 ἡ

122 1831 185 1880 Cum
196 1830 292 1878 stabulis
301 1840 405 1880 umente
415 1831 493 1880 trahit.
526 1832 584 1880 Vidi
594 1833 643 1896 ipse
653 1834 769 1882 furentem

123 1895 193 1944 Cede
204 1895 393 1958 Neoptolemum,
404 1897 554 1962 geminosque
564 1897 588 1944 in
599 1897 680 1946 limim
687 1899 793 1956 Atridas

121 1960 180 2009 Vidi
190 1961 323 2022 Hecubam,
334 1968 473 2025 sensimque
481 1977 562 2023 nurus,
572 1962 741 2028 Priamumque
751 1979 793 2027 pen

219 2041 270 2072 aras
743 2029 790 2080 tol

122 2090 241 2152 Sanguine
250 2088 383 2150 ioedantem,
394 2105 454 2154 quos
463 2091 514 2154 ipse
524 2100 658 2152 emoverat,
670 2092 743 2155 ignes.
787 2085 788 2088 ¹

122 2154 302 2218 Quinquaginta
311 2153 347 2201 illi
357 2155 462 2213 thalami,
474 2171 526 2218 spes
537 2164 601 2204 tanta
612 2167 733 2220 nepotum,

123 2219 248 2267 Barbarioo
258 2227 334 2282 postes
344 2234 401 2268 auro
411 2220 537 2285 spoliisque
547 2221 649 2284 superbi,

123 2283 278 2332 Procubuero.
312 2284 410 2332 Tenent·
415 2284 502 2344 Danai,
514 2285 561 2350 quia
572 2286 648 2334 deficit
657 2286 726 2350 ignis.
744 2289 793 2337 505

156 2348 271 2407 Forsitan,
282 2355 306 2395 et
317 2348 405 2396 Priami
414 2348 502 2396 fuerint
512 2365 565 2412 quae
575 2351 630 2408 sata,
642 2351 751 2414 requiras.

122 2412 195 2460 Urbis
205 2413 240 2459 uti
250 2420 324 2474 eapte
333 2427 422 2473 aarum,
433 2415 588 2478 oonnrlsaque
598 2414 657 2462 vidit

101 2482 105 2488 “
123 2476 220 2530 himina
226 2485 347 2535 tectorum,
354 2486 377 2524 et
383 2477 487 2525 medium
493 2478 517 2526 in
524 2480 680 2540 penetralibus
687 2481 793 2546 hosteim

123 2541 201 2591 Arma
210 2540 252 2588 diu
262 2540 442 2590 sariordesuea
451 2543 603 2592 trementibus
613 2559 663 2592 evo
743 2549 793 2598 509

125 2605 261 2662 Circtrmdst
270 2604 429 2671 nequidquam
439 2606 551 2668 humeris,
562 2616 585 2656 et
595 2608 677 2658 inutile
686 2609 775 2664 ferr-urm
