1892 2917
339 105 462 156 AEans.
480 105 540 155 vn.
559 107 597 154 65.
740 165 742 172 y
754 103 802 152 229

134 237 236 288 Stridtne
245 235 343 300 ingenti,
352 235 470 298 liquidum
481 243 543 284 trans
554 233 638 284 attinere
648 242 726 291 vetite,
770 231 802 280 65

135 301 254 351 obsedere
264 301 368 364 epicem3
385 308 417 357 et,
427 300 525 363 pedibus
535 315 576 364 per
586 308 669 346 mutuo
678 296 753 356 nuit,

134 367 243 416 Examen
253 366 357 414 subitum
366 381 432 413 remo
442 365 561 412 frondente
572 363 687 428 pependit.

134 431 252 480 Continuo
262 438 333 488 vetes,
344 430 476 478 Externum
487 429 609 487 cernimus,
621 427 706 491 inquit,

132 494 266 545 Adventare
276 494 362 553 virum,
373 504 396 542 et
405 503 481 557 portes
491 503 567 557 petere
578 507 661 555 agmen
672 489 763 539 eosdm

133 559 243 610 Portibus
251 574 281 607 ex
291 559 374 618 indens,
385 567 409 606 et
417 559 511 607 summi
521 557 659 606 dominarier
669 571 726 604 erce.
769 554 801 610 7⁰

134 625 257 682 Praeterea,
268 623 337 672 certis
345 623 422 671 edolet
430 623 489 670 dum
500 622 580 670 altorio
590 621 664 680 tedis,

133 689 170 738 Ut
177 691 246 751 juxto
256 687 383 751 genitorem
393 689 468 735 edent
479 687 577 735 nennio
588 686 660 748 virgo,

132 754 192 803 vin
204 753 304 816 (refusi)
314 752 390 816 longis
399 767 451 800 oom
467 751 562 800 rendere
572 751 672 798 crinibus
681 749 770 812 ignem,

132 818 215 882 Atque
225 831 318 864 omnem
328 825 436 864 ornutnm
445 769 542 864 ieiumi
552 815 676 879 crepitante
686 807 798 874 cremori,

132 882 279 946 Regnleeque
288 896 382 929 recense
391 896 477 941 winus,
488 895 581 928 occense
591 894 705 938 coronam,
769 877 801 934 7⁵

133 946 253 1009 Insignem
264 945 378 1008 gemmise
395 955 446 992 tum
456 945 547 993 firmide
556 944 644 992 lumine
654 943 719 991 fulvo
773 942 775 948 ’

132 1009 234 1070 involvi,
245 1025 271 1058 ec
281 1011 335 1058 totio
346 1009 480 1058 Vulcanum
490 1025 595 1073 sporgere
605 1008 676 1056 tectis·

132 1075 164 1124 ld
174 1090 227 1123 vero
237 1074 377 1122 horrendum
387 1090 414 1122 ec
425 1075 476 1122 visu
486 1074 591 1122 mirabile
601 1073 668 1120 ferris

23 1183 25 1185 ,
131 1139 244 1203 Namque
253 1140 302 1188 fore
311 1139 425 1186 illustrem
435 1138 500 1187 femi
510 1139 609 1202 fatisque
620 1137 731 1186 cenebent

130 1203 228 1268 Ipsam
244 1203 285 1250 sed
295 1204 382 1266 populo
392 1219 505 1266 magnum
515 1203 649 1267 portendere
658 1201 753 1249 bellum.
765 1201 798 1249 80

129 1271 168 1316 At
177 1284 227 1328 rex,
238 1268 349 1316 sollicitus
358 1269 474 1327 monstris,
486 1268 577 1316 orscule
588 1267 672 1325 Fauni,

130 1333 230 1382 Fandiei
239 1332 356 1395 genitoris,
367 1332 424 1390 edit,
434 1331 544 1397 lucosque
554 1330 597 1380 sub
608 1331 655 1379 etti
758 1349 759 1358 ¹

129 1397 236 1445 Consulit
246 1397 372 1452 Albunei3
389 1411 511 1444 nemorum
522 1412 574 1460 que
584 1397 687 1444 maxime
698 1409 760 1442 sacro

129 1462 205 1510 Fonte
214 1469 288 1519 tonet,
299 1475 430 1524 saevemque
439 1461 532 1508 eximin
542 1475 613 1524 opere
622 1459 751 1524 mephitim.

128 1526 195 1574 Hinc
206 1526 272 1573 lmlae
281 1534 369 1589 gentes,
379 1525 500 1588 omnisque
511 1525 617 1572 (Enotris
627 1525 704 1582 tellus,
764 1524 795 1571 85

70 1632 75 1647 ,
128 1590 248 1638 indubiis
257 1605 364 1654 response
373 1598 462 1653 petunt.
490 1591 546 1637 Huc
556 1589 617 1637 dono
627 1587 730 1636 sacerdot

128 1655 193 1704 Cum
202 1655 265 1714 tulit,
276 1662 299 1702 et
308 1669 418 1702 onmium
428 1653 508 1702 ovium
518 1656 562 1702 sub
572 1661 638 1702 nocte
649 1652 724 1701 silenti

128 1719 233 1768 Pellibus
242 1719 348 1766 incubuit
358 1719 442 1777 stratis,
453 1733 591 1782 somnosque
601 1714 698 1782 petivit;

127 1782 210 1833 Multa
219 1783 294 1830 modis
304 1783 425 1831 nnulaoe
435 1783 497 1831 videt
508 1783 626 1831 volitantia
635 1781 709 1842 miris,

117 1850 161 1898 'Et
171 1847 245 1897 verine
254 1847 319 1895 cudit
329 1864 402 1909 voces,
413 1848 544 1911 fruiturque
555 1847 660 1894 Deorum
763 1847 795 1908 90

126 1913 259 1977 colloquio,
270 1921 339 1976 etque
348 1913 402 1960 imis
412 1913 545 1961 Acheronte
555 1912 638 1959 effatur
648 1911 755 1960 Auernis.

52 2025 58 2034 ,
127 1979 178 2027 Hie
188 1986 211 2026 et
220 1987 272 2025 tum
280 1986 347 2052 peter
355 1977 413 2042 ipse,
424 1987 504 2041 petens
515 1991 630 2040 responso,
641 1975 740 2024 Latinus

127 2043 230 2092 Centum
238 2043 352 2105 lantgerus
363 2044 478 2090 meetabet
487 2041 530 2089 rite
540 2041 653 2100 bidentes,

125 2108 208 2172 Atque
218 2107 302 2154 Ιιαῐιιιη
312 2107 405 2154 effirltus
415 2116 480 2170 tergo
491 2107 611 2170 stratisque
619 2107 710 2166 jecebnt

126 2172 264 2221 Velleribus.
289 2171 372 2220 Subito
381 2187 410 2219 ex
418 2172 465 2219 olto
472 2185 518 2219 vox
528 2170 617 2218 reddite
624 2170 677 2218 luco
687 2178 733 2219 est:
762 2171 794 2220 95

126 2237 230 2300 Nepete
239 2236 359 2284 connubiis
368 2247 447 2284 netum
457 2235 541 2283 sociem
552 2233 651 2294 Latinis,
717 2281 718 2284 ,

28 2296 37 2314 ’
126 2301 152 2350 0
162 2301 351 2364 menprogeniee
362 2301 470 2348 thalamis
480 2315 525 2348 neu
536 2300 601 2347 crede
611 2297 712 2362 paretise

124 2365 224 2414 nxterni
234 2363 331 2413 veniunt
339 2366 426 2428 generi,
437 2365 480 2428 qui
490 2364 601 2427 sangnine
610 2371 715 2412 nostrum

128 2431 224 2479 Nomen
234 2430 326 2477 inostre
333 2429 417 2489 feram,
423 2444 569 2492 quorumque
579 2430 609 2476 ou>
620 2429 689 2491 stirpe
699 2433 793 2489 nepotes

125 2494 215 2544 Onon
224 2495 269 2541 sub
279 2494 385 2557 pedibus,
397 2495 445 2558 qud
455 2495 496 2543 Sol
506 2503 631 2556 utrumque
641 2505 758 2540 recurrens

121 2557 229 2623 Adepicit
239 2557 371 2615 Oceanum,
380 2559 485 2622 vertique
494 2557 591 2624 regique
599 2557 718 2604 videbunt.
746 2555 790 2604 101

122 2624 183 2687 litet
192 2637 300 2687 responsu
309 2623 381 2688 petris
390 2623 481 2686 lfeuni,
488 2622 635 2686 meritusque
645 2619 721 2689 silepti

641 2699 661 2732 x

847 2774 945 2892 El
