1892 2917
135 108 153 155 e
189 90 193 97 ’
345 101 600 154 succursum.

138 234 255 294 Per-ditus,
267 242 290 283 et
300 232 393 297 liquidis
404 233 491 281 immisi
501 232 605 281 fontibus
614 248 690 295 apros.

139 300 219 360 Quem
229 300 300 363 fugis,
309 300 339 347 ah
350 298 463 347 demens?
479 297 613 346 hubitirunt
620 297 656 368 Di
666 311 760 361 quoque
770 295 815 409 {10

141 380 320 492 maritandisque
331 426 404 475 Paris.
437 427 525 486 Palles,
537 426 706 491 quescondidit
715 442 787 485 arces,

140 492 196 555 Ipsa
207 494 280 541 eolat:
299 492 364 540 nobis
375 493 480 555 placeant
490 501 543 539 onte
551 493 630 539 omnia
640 493 712 539 silvae.

52 561 57 573 '
142 554 221 605 Torva
231 558 305 605 leaena
316 558 399 619 lupum
410 556 528 619 nequitum
545 558 615 619 lupus
626 557 674 619 ipse
685 555 814 619 capellum

141 621 274 669 Florentem
286 622 384 686 cytisum
395 621 499 683 sequitur
508 622 592 669 lasciva
602 621 706 685 capelln3
788 637 794 641 ’

145 686 182 734 Te
194 686 310 750 Corydon,
322 685 414 732 oAlexi
425 684 431 731 i
444 686 515 733 trahit
525 701 567 732 sua
575 701 691 748 quemque
700 686 815 748 voluptas.

142 749 254 813 Adspice,
266 758 341 798 aratra
349 751 406 811 jugo
417 749 519 797 referunt
529 764 639 812 suspensa
646 749 748 809 juvenci,
780 750 815 797 66

144 813 178 861 Et
189 816 223 863 sol
233 824 355 863 crescentes
363 812 472 861 decedens
484 813 587 877 duplicat
597 816 708 862 umbras:

145 878 189 926 Me
200 886 277 927 tamen
288 878 335 925 urit
345 893 423 933 amon
435 878 489 941 quie
496 880 558 926 enim
566 879 650 925 modus
657 878 717 926 adsit
724 877 815 925 amori?

144 943 187 991 Ah
198 943 321 1006 Corydon!
340 942 462 1005 Corydon!
481 959 535 1005 quae
545 952 568 991 te
578 942 693 990 dementia
703 942 783 1005 cepit?

146 1007 290 1069 Semiputata
300 1007 343 1055 tibi
351 1005 460 1054 frondosi
470 1008 524 1055 vitis
534 1007 558 1054 in
569 1008 634 1060 ulmo
645 1016 685 1055 est.
784 1006 818 1061 70

146 1070 212 1130 Quin
222 1080 248 1117 tu
259 1072 347 1135 aliquid
358 1072 438 1118 saltem
449 1072 535 1135 potius,
546 1087 646 1135 quorum
657 1072 745 1135 indiget
752 1086 817 1131 usus,

142 1134 281 1183 ·Viminibus
291 1136 403 1198 mollique
413 1151 481 1197 paras
491 1135 597 1184 detexere
605 1138 696 1196 junco?

149 1198 256 1248 Invenies
266 1201 349 1263 alium,
360 1199 380 1247 si
390 1208 413 1248 te
423 1200 462 1248 hic
472 1200 570 1262 fastidit,
580 1200 678 1249 Alexin.

698 1261 704 1290 l

342 1406 344 1411 ’
377 1396 520 1445 ECLOGA
537 1397 588 1445 111.

418 1528 549 1574 Palemon.

150 1706 152 1713 s
235 1670 385 1708 nuncient.
416 1671 472 1707 ΒΑΜ
477 1672 556 1708 OETAS·
587 1670 730 1707 enimn.

413 1790 563 1826 nunnioni.

153 1862 207 1910 Drc
219 1860 286 1923 mihi,
298 1860 415 1920 Damoeteu
428 1861 509 1921 cujum
520 1862 611 1923 pecus?
628 1873 659 1919 an
669 1849 795 1906 Meliboei?

415 1980 556 2016 nummulo.

151 2052 223 2110 Non3
240 2064 321 2099 verum
332 2049 446 2113 AEgonisz
464 2049 606 2113 nupermihi
616 2049 710 2097 tradidit
719 2048 806 2111 AEgon.

416 2169 565 2207 mentiens.

153 2244 241 2294 Infelix
252 2258 266 2291 o
277 2256 376 2305 semper,
385 2255 446 2297 oues,
459 2241 543 2303 pecus!
562 2240 611 2303 ipse
622 2238 731 2286 Neaerem

153 2310 221 2359 Dum
232 2308 301 2364 fovet,
314 2322 348 2364 oc,
360 2320 390 2353 ne
398 2321 436 2353 rne
447 2304 491 2352 sibi
501 2305 607 2366 praeferat
617 2303 666 2362 illu,
677 2312 775 2363 veretur,

154 2374 203 2422 llic
213 2372 301 2420 alienus
310 2386 362 2418 oves
373 2377 448 2418 custos
459 2369 494 2416 bis
504 2370 594 2431 mulget
604 2368 628 2414 in
640 2367 711 2416 horit
810 2368 826 2412 t

154 2438 188 2487 Et
198 2452 278 2485 succus
288 2434 371 2499 pecori,
384 2442 407 2482 et
417 2434 452 2481 lac
461 2433 597 2481 subducitur
607 2432 680 2495 agnis.

419 2552 562 2589 nnnmnns.
703 2600 708 2609 .

153 2628 249 2677 Parcius
259 2626 303 2675 ista
314 2624 367 2673 viris
378 2632 456 2672 tomen
467 2622 596 2684 objicienda
605 2630 730 2670 memento.
