1892 2917
228 400 265 496 Ρ.
282 429 489 496 vlnerum
510 429 730 497 Muuours
810 445 819 465 x
937 485 938 510 ζ

361 580 591 664 AENElDOS

335 745 461 795 uranu
481 747 625 797 Nouus,
659 759 662 763 ·
719 831 723 840 .

143 1000 225 1064 Atque
235 1017 263 1050 ea
273 1001 363 1050 diversi
372 1003 465 1066 penitus
476 1003 534 1052 dum
544 1012 610 1068 parte
620 1011 740 1068 geruntur,

143 1064 203 1112 Irim
217 1066 246 1114 de
257 1067 314 1114 eoelo
323 1067 388 1115 misit
397 1069 506 1116 Saturnia
516 1071 584 1117 Juno

142 1129 267 1178 Audaeem
278 1131 309 1179 ad
320 1132 437 1180 Turnum.
465 1134 532 1181 buco
543 1142 595 1181 tum
605 1133 663 1182 t'orte
673 1133 776 1196 parentis

143 1194 250 1242 Pilumni
261 1196 367 1256 Tumua,
379 1197 467 1245 merati
478 1198 546 1258 valle,
558 1198 657 1246 sedebat.

142 1258 186 1305 Ad
196 1276 267 1323 quem
278 1260 311 1307 sic
321 1275 386 1308 roseo
397 1261 569 1313 Thaumantias
579 1278 618 1310 ore
628 1263 706 1310 locuta
716 1271 765 1312 ests
798 1263 815 1309 ὃ

145 1322 235 1382 Turne,
246 1325 310 1387 quod
321 1325 411 1388 optanti
422 1326 512 1375 Divum
522 1327 655 1390 promittere
665 1341 734 1374 nemo

143 1387 258 1448 Auderet,
270 1390 385 1438 volvenda
395 1390 453 1451 dies,
463 1407 503 1449 en,
515 1392 593 1439 attulit
603 1392 673 1440 ultro.

143 1451 242 1512 AEneus,
254 1456 320 1512 urbe,
332 1464 356 1502 et
366 1454 442 1515 sociis,
454 1466 477 1504 et
487 1456 657 1515 disserentes,

143 1516 239 1580 Sceptra
250 1519 352 1566 Palatini
363 1520 486 1584 sedemque
496 1521 557 1582 petit
566 1521 680 1569 Euandri.

142 1581 272 1630 Nec'satis:
285 1593 399 1632 extranee
407 1585 504 1648 Corythi
511 1584 767 1648 penetravitadurbes;
785 1584 815 1633 lo

142 1645 312 1710 Lydorumque
321 1664 429 1709 manum,
440 1649 547 1698 eollectos
558 1663 633 1698 annet
642 1657 749 1712 agrestes.
799 1669 805 1710 ,¹

142 1710 209 1770 Quid
226 1711 338 1762 dubitas?
354 1728 418 1761 nune
434 1722 528 1777 tempus
547 1729 626 1778 equos,
644 1729 707 1762 nune
723 1728 816 1776 poscere
841 1714 843 1722 “

240 1792 326 1825 currus.

142 1839 241 1903 Rumpe
250 1857 326 1890 moras
337 1859 426 1903 omnes,
437 1851 461 1892 et
470 1846 563 1892 turbata
573 1843 648 1907 arripe
658 1852 740 1892 castra.

141 1904 221 1966 Dixit,
233 1915 256 1954 et
266 1906 291 1953 in
302 1907 384 1955 mlum
396 1908 491 1971 paribus
502 1924 527 1956 se
537 1909 631 1956 sustulit
641 1908 700 1965 alis3

142 1969 316 2035 lugentemque
326 1973 383 2035 fugit
394 1972 467 2020 sectrit
478 1975 522 2021 sub
532 1974 634 2022 nubibus
645 1988 732 2022 areum
783 1972 813 2020 la

174 2036 282 2101 Agnovit
290 2037 392 2098 juvenis,
404 2037 554 2102 duplicesque
565 2037 595 2084 ad
606 2038 681 2086 sidera
690 2037 782 2100 palmes

143 2102 253 2162 Sustulit,
265 2112 289 2150 et
298 2101 341 2148 tali
350 2102 479 2165 fugientem
490 2111 525 2150 est
535 2117 590 2151 voce
601 2111 707 2151 secutus:

142 2169 186 2227 Iri,
198 2167 268 2215 decus
279 2167 338 2226 eoeli,
350 2167 403 2231 quis
414 2175 436 2214 te
446 2166 506 2214 mibi
516 2166 618 2215 nubibus
629 2175 705 2215 actem

142 2232 237 2283 Detulit
246 2231 272 2279 in
282 2235 374 2280 terras?
391 2231 454 2279 unde
464 2231 515 2280 hee
525 2239 573 2278 tum
586 2231 647 2279 clara
656 2239 750 2294 repente

142 2295 300 2360 Tempestas?
316 2296 421 2344 medium
432 2295 499 2344 video
510 2295 624 2344 discedere
634 2297 727 2356 melum,
780 2297 813 2346 20

144 2362 300 2424 Palantesque
310 2361 365 2423 polo
376 2360 462 2409 stellas.
487 2361 576 2424 Sequor
585 2360 664 2408 omina
674 2369 748 2422 unte,

141 2426 258 2492 Quisquis
269 2425 294 2473 in
305 2441 370 2473 anna
380 2441 455 2473 voees.
479 2425 515 2473 Et
525 2426 557 2472 sic
568 2425 650 2474 effatus
661 2425 691 2474 ad
701 2425 790 2476 undam
849 2479 852 2484 ,

142 2491 266 2551 Proeessit,
277 2505 417 2555 summoque
426 2490 506 2538 hausit
516 2490 545 2538 de
554 2490 773 2554 gurgitelymphas,

142 2556 224 2606 Multa
234 2555 298 2608 Deos
307 2569 392 2615 orans;
408 2557 558 2622 nudantque
567 2555 653 2606 ethera
663 2555 730 2605 votis.
