1892 2917
144 50 194 155 iri
349 96 472 150 noan.
489 97 536 150 iv.
552 99 610 149 soe

142 225 695 292 lnmdmnebmmmfiondemmmt
766 227 818 278 500

142 291 251 340 Funered
257 309 268 352 ς
283 307 362 357 super,
373 295 478 355 exuvias,
490 309 616 359 ensemque
625 294 742 356 relietum,

141 354 300 421 Effigiemque
309 366 360 406 toro
369 357 438 418 loeat,
449 358 514 407 haud
524 358 605 422 Quare
614 358 696 408 futuri.

143 419 212 468 Stant
223 436 269 470 arie
279 422 375 484 circum,
384 431 407 470 et
416 423 490 472 crines
501 422 574 472 effusa
583 423 688 474 tuendos
767 424 817 474 509

143 483 192 532 Tei
202 495 296 534 centuni
306 495 372 535 tonet
381 502 421 535 ore
428 487 500 548 Deos,
512 488 673 563 Erebumque,
683 487 816 552 Chaosque,

143 548 357 616 Tergeminemque
368 551 482 613 Heoeten,
493 552 539 600 tria
548 552 645 616 virginis
656 568 696 601 ore
706 552 801 601 Dione.

143 614 263 678 Sparserat
273 624 297 665 et
305 617 385 664 latices
396 617 516 664 simulator
526 616 597 665 fontis
604 617 713 677 'Averni3

142 678 253 729 Fusius
263 689 286 730 et
295 696 377 729 mesen
387 681 417 728 ad
426 681 510 729 lunein
519 691 657 744 queruntur
667 681 731 731 sinis

143 743 262 794 Pubentes
272 746 359 805 herbe,
370 745 432 809 nigri
442 761 497 794 oum
507 745 567 794 laete
577 746 675 805 veneni3

143 807 265 868 Queritur
275 819 298 858 et
308 811 421 858 nasoentis
432 810 487 874 equi
497 809 527 859 de
536 809 612 861 fronte
621 811 735 874 ieiunius,
768 809 818 860 515

142 871 178 921 Et
187 875 258 922 matri
284 883 403 939 resorptus,
414 890 488 923 emor.

143 937 158 986 I
219 953 259 988 mo
292 939 446 1003 manibusque
455 939 509 1003 piis,
521 939 602 989 ulteria
609 939 688 1003 juxte,

143 953 228 1050 imm
238 1011 309 1052 exuta
318 1003 402 1068 pedem
412 1004 502 1066 vinulis,
512 1004 538 1052 in
548 1013 610 1054 veste
619 1003 728 1067 retinui,

143 1066 647 1130 Testemrmorimralleoeeieonseiefaii
769 1069 821 1121 519

143 1130 241 1189 Sidera3
259 1140 320 1192 tuin,
332 1132 426 1196 siquod
436 1147 484 1181 non
495 1149 563 1198 iequo
573 1133 657 1183 findere
667 1141 774 1185 ementes

144 1194 216 1244 Curia
223 1210 312 1245 numen
322 1197 393 1245 habet
400 1198 539 1262 justumque
546 1213 691 1264 memorque,
701 1207 820 1265 pretatur.

164 1260 235 1322 =Nox
245 1270 302 1322 erat,
313 1269 337 1311 et
347 1261 466 1326 placidiori
476 1265 601 1328 carpebant
610 1263 670 1313 fessa
680 1279 786 1330 soporem

144 1323 248 1389 Corpore
257 1341 301 1390 pa
308 1334 390 1387 terrm,
401 1326 512 1391 ulvaeque
522 1336 546 1376 et
556 1343 617 1377 seva
627 1328 735 1393 quierant

144 1389 267 1453 AEquora3
284 1405 339 1441 orm
348 1390 426 1439 medio
435 1392 562 1441 volvuntur
571 1392 646 1442 sidera
654 1393 733 1458 lapsu,
770 1392 821 1442 524

107 1475 112 1481 ·
145 1454 210 1504 Cum
219 1463 280 1504 taoet
289 1455 365 1504 omnis
374 1470 438 1520 eger,
449 1456 558 1520 pecudes,
569 1456 685 1522 pictaque
694 1457 808 1518 volueres,

145 1517 254 1584 Quisque
263 1520 328 1569 larus
337 1521 384 1569 late
393 1520 503 1584 liquidos,
514 1537 613 1586 quosque
713 1522 793 1572 dumis
811 1579 814 1584 ⁵

144 1582 214 1633 Rura
223 1593 311 1645 tenent,
322 1599 404 1634 somno
413 1585 495 1649 positae
505 1587 626 1635 subnecte
665 1586 723 1650 enti,

144 1645 278 1709 [lienibent
287 1664 362 1711 ormo,
373 1658 397 1698 et
406 1650 476 1698 eorda
485 1649 557 1698 oblita
566 1651 695 1718 laborum]
725 1662 727 1668 ’

144 1716 183 1761 At
192 1727 239 1761 non
249 1713 332 1763 infelix
342 1714 415 1762 enimi
425 1714 547 1763 Phoenissa
552 1729 562 1775 ς
577 1729 654 1779 neque
664 1731 771 1782 unquam

145 1777 249 1826 Solvitur
258 1779 284 1826 in
294 1793 395 1839 somnos,
406 1778 507 1828 oculisve
516 1787 558 1828 aut
567 1788 659 1843 pectore
668 1789 761 1830 noctem
771 1779 821 1830 530

114 1851 120 1856 ·
145 1842 256 1906 Aodpite
272 1843 419 1906 ingeminant
428 1859 505 1903 ουτως
521 1857 647 1909 ruinisque
657 1859 780 1911 resurgens

145 1905 217 1955 sevit
226 1921 300 1968 amor,
311 1922 443 1972 magnoque
452 1908 541 1956 irarum
551 1908 649 1958 fluctuat
657 1919 724 1960 oestin

145 1971 185 2020 eie
194 1971 252 2020 adeo
261 1971 354 2033 insistit,
366 1987 491 2036 seuumque
501 1973 535 2020 ita
544 1973 612 2022 eorde
621 1975 728 2024 volutats

145 2035 195 2097 En,
208 2036 267 2100 quid
277 2039 342 2100 ugo?
358 2051 467 2084 rursusne
477 2053 557 2101 prooos
567 2037 634 2086 irrisa
642 2039 731 2103 priores

145 2099 282 2164 Experiar?
299 2101 483 2166 Nomadumque
496 2111 575 2166 petem
586 2103 702 2152 eonnubia
712 2104 822 2171 supplex,

146 2164 461 2228 Quosegosimtotiesjem
471 2166 596 2230 dedignata
606 2168 720 2218 meritos?
773 2169 823 2218 530

146 2228 230 2277 lliaous
240 2229 313 2292 igitur
323 2229 414 2290 elrsses,
425 2233 497 2295 etque
506 2231 591 2280 ultima
601 2232 720 2282 Teucrum

146 2292 229 2353 Jusse,
240 2293 342 2358 sequa?
358 2294 443 2357 quinne
452 2295 542 2343 auxilio
550 2296 619 2358 juvet
630 2304 683 2346 sinte
692 2297 789 2358 levatos,

146 2357 271 2406 Anthene
281 2358 465 2421 epudmenorss
475 2357 558 2408 veteris
569 2362 699 2436 statgmtia
708 2362 785 2411 faeti?

147 2419 210 2480 Quis
219 2431 347 2470 meantem
358 2421 407 2475 (fas
416 2424 486 2484 velle)
496 2424 574 2474 siuet?
590 2427 708 2475 ratibusve
718 2427 824 2491 superbis

148 2485 253 2534 Invitam
265 2486 377 2551 aecipiet?
387 2487 468 2548 neseis,
480 2487 540 2537 heu!
554 2489 653 2552 perdita,
664 2490 764 2540 neudum
774 2491 821 2540 oti

147 2548 328 2598 laomedontea
337 2552 408 2600 sentis
417 2551 521 2616 perjuria
531 2551 606 2617 gentis
615 2555 627 2602 i

148 2612 299 2672 Qoidtumt
316 2615 526 2681 solaiugtnautei
537 2616 789 2698 wmitaborovmtes?

935 231 939 414 i
