1892 2917
148 82 180 131 00
323 75 513 128 GEORGIGA.
531 76 566 125 IL
583 77 640 132 tta

150 211 219 260 Sacra
229 206 317 267 Debm,
325 207 443 271 sanctique
453 216 543 272 patres:
561 216 665 255 extrema
673 221 716 270 per
724 206 779 256 illos

149 274 254 332 lustitia,
266 272 376 321 excedens
387 272 461 331 terris,
473 272 570 335 vestigia
578 272 639 319 fecit
746 270 750 277 '

182 340 226 387 Me
236 352 289 385 vero
298 336 400 399 primum
411 334 490 384 dulces
498 345 552 384 ante
561 336 640 384 omnia
650 336 737 396 Musae,
772 337 825 393 475

150 404 258 463 Quarum
269 416 332 466 saera
342 400 389 448 fero
397 400 486 463 ingenti
495 416 616 464 percussus
625 417 713 459 amore,
769 418 773 423 ·
817 404 825 439 23

151 467 289 531 Accipiant;
307 465 403 527 coelique
411 464 458 511 vias
469 473 492 512 et
503 465 576 513 sidera
585 475 729 524 monstrent3

151 532 262 581 Defectus
273 530 326 578 solis
338 530 420 589 varios,
431 530 540 591 lunaeque
549 530 653 586 laborent

151 596 222 653 Unde
233 605 317 643 tremor
328 593 408 650 terrisr
427 593 475 657 quia
482 595 506 641 ri
515 594 589 641 maria
596 596 643 641 alta
652 603 782 646 tumescant

151 660 274 722 Objieibus
285 660 367 721 ruptis,
379 658 534 722 rursusquein
545 675 570 705 se
580 659 631 722 ipsa
638 660 753 718 residant3
772 656 827 713 teo

153 725 219 785 Quid
229 733 321 773 tantum
332 723 426 771 Oceano
435 731 558 786 properent
568 739 592 771 se
602 724 690 786 tingere
700 726 759 775 seles
815 726 821 746 ⁶

153 788 261 848 Hiberni,
272 789 310 837 rel
318 804 371 851 qua
381 786 451 834 tardis
461 802 527 835 mora
536 788 641 835 noctibus
651 791 732 837 obstet.
792 825 796 828 -
821 824 825 829 v

153 855 204 911 Sin,
215 854 257 901 has
268 868 296 899 ne
307 851 392 915 possim
403 860 491 898 natura
501 851 606 900 accedere
615 861 704 915 partes,

152 918 266 981 Frigidus:
272 916 384 963 obstiterit
393 916 480 963 circum
490 916 615 979 praecordia
625 917 733 981 sanguis;

153 984 220 1032 Rura
230 980 289 1028 mihi
300 989 322 1028 et
333 980 393 1043 rigui
404 980 509 1043 placeant
519 982 543 1027 in
555 982 654 1029 vallibus
664 994 761 1042 amnem
774 987 825 1036 485

154 1046 265 1095 Flumina
276 1059 352 1091 amem
361 1044 475 1108 silvasque
484 1045 603 1107 inglorius.
620 1046 658 1094 O!
670 1048 712 1095 ubi
719 1051 807 1115 campi,

154 1110 333 1173 Spercheosque,
345 1117 368 1156 et
378 1108 505 1171 virginibus
515 1110 625 1157 bacchata
634 1112 740 1161 Lacaenis

155 1174 275 1237 Taygeta!
294 1189 316 1233 o,
328 1173 369 1236 qui
380 1189 418 1220 me
428 1174 510 1236 gelidis
520 1174 545 1221 in
556 1175 654 1223 vallibus
663 1177 744 1225 Haemi

154 1240 233 1297 Sistat,
245 1247 268 1285 et
275 1238 364 1301 ingenti
374 1253 492 1285 ramorum
502 1247 607 1302 protegat
617 1241 717 1289 umbri!

35 1369 39 1379 ,
90 1320 92 1325 ·
154 1302 231 1362 Felix,
240 1303 281 1366 qui
291 1302 366 1366 potuit
376 1317 453 1349 rerum
464 1318 598 1365 cognoscere
608 1320 703 1363 eausas3
776 1309 825 1381 400

154 1369 236 1431 Atque
246 1376 322 1415 metus
332 1381 412 1413 omnes
423 1376 445 1414 et
455 1367 597 1416 inexorabile
604 1369 680 1416 fatum
773 1380 778 1387 ’

155 1431 259 1493 Subjecit
270 1431 375 1495 pedibus,
387 1430 554 1495 strepitumque
564 1433 704 1482 Acherontis
714 1435 778 1483 avari
789 1436 797 1484 l

155 1497 296 1545 Fortunatus
308 1495 386 1551 stille,
398 1496 460 1543 Deos
471 1496 513 1559 qui
523 1497 588 1544 novit
598 1507 707 1560 agrestes,

49 1578 52 1582 ’
156 1562 267 1625 Panaque
278 1560 444 1624 Silvanumque
455 1575 532 1608 senem
543 1560 714 1627 Nymphasque
722 1579 808 1614 meg
814 1567 821 1613 ε

155 1627 230 1685 Illum
240 1642 287 1674 non
297 1626 378 1688 populi
388 1626 468 1683 fasces,
477 1640 523 1672 non
531 1642 634 1689 purpura
644 1643 726 1691 regum
773 1631 822 1679 495

156 1691 243 1750 Flexit,
255 1699 277 1739 et
286 1688 369 1737 infidos
380 1690 470 1752 agitans
481 1689 593 1738 discordia
602 1691 692 1750 fratres,
791 1708 794 1713 ·

156 1754 208 1803 Aut
218 1756 336 1817 eonjurato
346 1754 484 1802 descendens
494 1754 574 1802 Dacus
584 1757 615 1802 ab
624 1756 700 1814 Istro;
803 1788 808 1795 ·

147 1821 212 1877 Non
221 1836 257 1868 res
268 1819 389 1877 Romana,
398 1818 545 1882 perituraque
554 1834 640 1883 regna;
657 1836 733 1885 neque
739 1823 781 1872 ille

155 1886 208 1933 Aut
218 1883 293 1931 doluit
303 1882 413 1931 miseram
424 1883 526 1947 inopem,
538 1892 579 1931 aut
589 1884 672 1932 invidit
681 1886 784 1936 babenti

155 1949 224 2009 Ques
234 1948 293 1996 rami
303 1947 399 2007 fruetus,
411 1962 469 2011 quos
479 1947 530 2011 ipsa
539 1948 639 1997 volentia
648 1966 711 2011 rura,
777 1956 825 2003 500

156 2014 244 2078 Sponte
253 2013 327 2060 tulere
338 2012 389 2069 sui,
400 2012 499 2075 carpsit=
516 2027 559 2060 nee
568 2014 642 2063 ferrea
649 2015 712 2076 jura,
764 2041 768 2047 ·
807 2035 815 2053 ι’

156 2080 316 2141 Insanumque
326 2076 412 2136 forum,
424 2086 465 2125 aut
478 2077 560 2141 populi
569 2078 686 2127 tabularia
692 2080 759 2131 vidit.
807 2104 810 2107 ⁴

156 2143 285 2193 Sollicitam
296 2141 336 2189 alii
346 2141 415 2190 remis
426 2140 569 2199 fretumora
586 2153 704 2207 ruuntque

145 2204 188 2256 'In
198 2209 301 2263 ferruma
318 2214 439 2270 penetrant
448 2207 513 2254 aedas
523 2215 547 2254 et
555 2207 745 2273 limina'regurng

157 2272 205 2321 Hie
215 2272 274 2336 petit
285 2268 389 2319 exscidiis
399 2272 483 2319 urbem
493 2270 633 2336 miserosque
643 2273 749 2337 Penates,
779 2279 827 2326 505

155 2338 193 2387 Ut
202 2335 294 2399 gemmd
304 2335 377 2394 bibat,
389 2343 412 2383 et
422 2336 521 2384 Sarrano
530 2335 630 2383 dormiat
639 2348 716 2397 οπως
809 2365 814 2379 ·

157 2401 244 2451 Condit
254 2416 308 2465 opes
319 2400 386 2457 alins,
398 2400 533 2476 defossoque
543 2400 638 2449 incubat
648 2419 713 2452 aum.

158 2466 207 2515 Hic
216 2468 293 2530 stupet
304 2466 414 2515 attonitus
424 2465 528 2522 Rectum
545 2466 608 2513 hune
617 2467 713 2530 phuam
722 2469 825 2521 hiantem

158 2530 217 2595 (Per
227 2546 310 2579 mneos
320 2530 451 2594 geminatus
461 2530 525 2578 enim
535 2530 655 2594 plebisque
665 2536 816 2599 patrumque)

158 2595 283 2660 Corripuit.
301 2594 410 2645 Gaudent
420 2594 508 2658 perfusi
518 2594 630 2659 sanguine
640 2597 747 2660 hamum,
779 2604 827 2651 510
