1892 2917
340 98 464 149 munls
479 99 513 149 X.
529 100 586 157 700.
745 100 795 149 trs

126 226 233 277 Hesetat
241 226 362 288 Euandro,
373 236 444 292 etque
453 228 516 278 lats
525 228 657 278 mnssderst
665 230 731 279 urbs
746 229 796 286 700

127 292 241 341 Sternitur
251 291 333 340 infelix
344 293 418 341 alieno
428 295 532 351 vulnere,
543 294 673 357 caelumque

125 356 243 421 Adspicit,
255 366 278 404 et
289 357 367 405 dulces
377 359 477 406 moriens
487 358 640 409 reminiscitur
653 358 735 422 Argos.

125 421 191 469 Tum
203 422 255 484 pius
266 422 353 469 AEneas
363 422 453 471 hastam
463 424 531 484 jacit:
551 423 593 471 illa
603 425 731 485 perorbem

126 486 185 533 AEre
196 502 278 533 cavum
290 487 382 550 triplici,
394 504 435 550 per
445 488 508 535 linea
518 497 589 550 terga,
601 488 721 551 tribusque

126 548 231 598 Transiit
240 551 355 599 intextum
365 552 436 599 tauris
446 569 513 616 opus,
523 552 556 599 im
588 567 618 599 ue
625 552 684 599 sedit
747 552 795 606 700

125 614 241 675 Ingnineg
259 615 298 663 sed
309 616 368 665 vires
378 616 442 663 haud
452 617 556 680 pertulit.
608 632 652 680 yus
662 630 741 665 ensem

125 678 223 737 AEneas,
235 680 284 728 viso
295 680 412 743 Tyrrheni
422 682 534 744 sanguine
543 681 619 740 latus,

31 772 33 775 -
124 741 228 807 Eripite
238 745 331 797 femore,
344 754 366 793 et
376 745 500 808 trepidanti
509 745 611 794 fervidus
620 745 698 793 instat.

158 808 279 870 Ingemuit
289 809 334 857 cari
345 810 443 871 graviter
452 810 562 872 genitoris
571 825 658 868 amore,

125 871 162 919 Ut
172 872 237 931 vidit,
250 874 358 929 Lausum
375 873 529 938 laerymaeque
539 890 580 938 per
590 890 630 922 ora
640 874 732 923 volutae.
747 874 795 930 790

125 936 175 984 Hic
185 938 266 985 mortis
276 938 340 985 dnrae
351 954 438 997 essunt,
451 947 537 1002 tuaque
547 938 714 1003 optimatum,

126 1000 163 1053 (Si
173 1017 220 1064 que
231 1002 301 1051 fidem
313 1011 377 1050 tanto
387 1010 421 1051 est
430 1004 494 1066 operi
504 1004 580 1051 latura
590 1012 700 1061 vetustas)

126 1065 183 1112 Non
194 1067 310 1129 equidem,
322 1082 363 1115 nee
374 1076 404 1127 te,
414 1068 506 1128 juvenis
516 1067 672 1126 memorande,
680 1068 759 1117 silebo.

125 1129 179 1184 llle,
191 1130 273 1193 pedem
286 1130 394 1189 referens,
406 1146 429 1179 et
439 1132 537 1191 inutilis,
548 1134 620 1196 inque
629 1132 723 1195 lignus,

126 1194 237 1254 Cedebat,
248 1196 375 1259 clypeoque
384 1196 506 1245 inimicum
515 1197 597 1245 hastile
606 1197 718 1247 trahebat.
747 1198 796 1253 795

127 1255 237 1322 Prorupit
245 1261 345 1320 juvenis,
357 1276 451 1324 seseque
461 1260 586 1309 immiscuit
596 1261 682 1317 arurist

125 1322 231 1389 Jamque
241 1325 380 1386 assurgentis
390 1324 471 1373 dextri
481 1325 622 1389 plagamque
631 1325 724 1373 ferentia

127 1387 211 1434 AEneae
222 1388 291 1435 subiit
302 1404 445 1447 mucronem,
455 1390 580 1453 ipsumque
590 1390 702 1438 moruus

126 1451 257 1499 Sustinuit:
276 1454 331 1501 socii
342 1468 427 1516 magno
438 1455 537 1503 clamore
547 1464 685 1519 smuunmr,

126 1514 193 1563 Dum
204 1517 293 1579 genitor
303 1518 352 1565 nati
362 1519 444 1580 parmis
452 1528 567 1581 protectus
577 1519 666 1575 abirem
748 1517 796 1565 000

128 1579 233 1642 Telaque
243 1582 377 1643 conjiciunt,
388 1585 571 1647 proturbantque
581 1583 673 1631 eminus
681 1582 772 1630 hostem

126 1644 266 1694 Missilibus.
284 1647 352 1695 Furit
362 1647 458 1706 AEneas,
469 1656 588 1711 tectusque
598 1656 660 1695 tenet
670 1664 702 1696 se·

125 1710 165 1757 Ac
176 1710 246 1769 velut,
255 1710 329 1759 effusis
339 1711 358 1758 si
369 1711 462 1774 quando
472 1712 584 1774 grandine
593 1712 669 1761 nimbi

126 1774 286 1837 Praecipitant,
297 1775 372 1823 omnis
382 1776 470 1839 campis
480 1776 575 1839 diffirgit
584 1786 668 1834 amtor,

126 1836 213 1887 Omnis
225 1847 248 1887 et
258 1840 374 1902 agricola3
390 1848 413 1887 et
423 1841 475 1887 tritta
485 1840 541 1888 latet
551 1856 602 1888 aree
612 1841 694 1899 risten
748 1842 797 1889 006

125 1903 179 1950 Aut
188 1903 263 1951 amnis
273 1904 336 1967 ripis,
346 1913 386 1954 aut
396 1905 438 1952 alti
447 1905 534 1953 fonnoe
543 1905 603 1964 saxi,

125 1966 193 2014 Dum
205 1968 265 2031 pluit
275 1968 300 2015 in
310 1968 391 2027 terrim
408 1977 434 2017 ut
444 1969 540 2033 possim,
551 1970 599 2017 sole
608 1969 711 2029 rducto,

125 2030 240 2085 Exercete
251 2032 312 2081 diem
321 2050 328 2080 ι
345 2033 377 2081 eie
387 2035 484 2081 obrutus
494 2034 598 2097 undique
608 2034 661 2081 telis
811 2041 814 2045 “

126 2096 214 2145 AEneas
224 2099 311 2145 nubem
321 2098 385 2155 belli,
396 2098 453 2145 dum
464 2097 565 2156 dumet,
575 2112 669 2146 omnem

128 2160 239 2218 Sustinet,
251 2170 275 2209 et
285 2162 390 2209 Lausum
403 2162 531 2224 increpitet,
543 2164 668 2226 Lausoque
677 2162 796 2209 minatur:

127 2223 192 2281 Quo,
204 2226 322 2285 moriture,
334 2226 391 2284 ruis,
403 2228 536 2291 majoraque
544 2226 631 2275 viribus
641 2226 730 2275 audes?
748 2226 794 2274 811

127 2289 200 2337 Fallit
210 2298 232 2337 te
242 2291 362 2339 incautum
372 2290 445 2354 pietas
456 2299 504 2339 tua.
514 2292 572 2339 *Nec
582 2292 659 2339 minus
669 2292 710 2340 ille
793 2293 797 2301 '

126 2353 238 2403 Exsultat
248 2355 354 2403 demens:
375 2372 440 2403 saevae
449 2356 546 2419 jamque
555 2356 625 2403 altius
635 2356 676 2403 irae

126 2418 248 2466 Dardanio
259 2430 357 2482 surgunt
367 2419 465 2477 ductori,
477 2431 626 2483 extremaque
636 2422 716 2469 Lauso

126 2483 207 2530 Parce
217 2484 257 2531 fila
267 2484 362 2546 leguntr
379 2484 484 2533 validum
494 2500 596 2548 namque
605 2485 678 2547 exigit
688 2500 767 2533 ensem

127 2546 174 2595 Per
180 2548 283 2597 medium
290 2549 377 2597 AEnees
381 2549 742 2613 juvenem‚totumquereeondit.
749 2549 799 2605 tls

129 2612 235 2661 Transiit
243 2622 267 2663 et
276 2628 382 2678 parmam
392 2628 482 2674 mucro,
493 2614 554 2663 levia
562 2629 629 2663 arma
638 2613 745 2673 minwu,
