1892 2917
141 75 188 124 lm
350 75 474 124 AENEIS·
491 74 528 123 11.
543 73 600 123 ³98.

141 204 305 261 consutum
322 205 410 254 multos
419 204 530 254 Danahm
541 203 685 253 demittimus
696 204 765 254 Oreo.

141 269 278 331 Diffugiunt
287 269 328 316 alii
338 269 368 316 ad
378 284 457 328 naves,
469 277 493 318 et
502 269 570 316 litora
579 284 648 318 eursu

141 333 201 381 lide
211 343 308 396 petunt:
326 349 380 397 pers
389 335 508 396 ingentem
519 333 641 382 fumidine
651 334 714 396 turpi
763 337 813 382 400

141 398 262 446 Seeuduut
271 414 351 446 rursus
364 414 462 462 equum
473 407 497 445 et
507 399 563 445 noth
573 398 704 446 conduntur
714 399 740 444 in
750 399 814 448 alvo.

144 462 216 511 Heu!
234 463 294 510 nihil
303 463 382 511 invitis
392 463 428 510 fes
439 477 581 526 quemquam
592 462 662 510 fidere
673 463 756 510 Diris!

174 527 245 588 Eme,
257 529 390 576 trahebatur
399 527 474 590 passis
485 527 602 574 Priameia
612 527 677 589 virgo

143 591 252 641 Crinibus
262 609 277 640 a
287 601 334 640 tem
351 593 375 639 lo
386 589 515 640 Cmsandra
525 591 647 654 adytisque
658 591 781 651 Minervas,

70 646 73 662 '
142 657 329 706 Adomhrmten
375 649 710 711 sardeutialuminefrustrss
763 658 813 705 405

143 721 263 778 luminas
279 736 335 769 nam
346 730 434 769 teneras
444 721 552 767 arcebant
562 718 655 768 vincula
665 721 763 782 palmes.

143 786 200 834 Non
210 787 266 833 tulit
274 785 336 834 haue
345 785 445 847 speeiem
455 783 541 832 furiati
551 792 630 832 mente
640 785 759 846 Coroebus,

143 851 178 898 Et
188 866 238 899 sese
246 849 351 898 medium
361 848 440 910 injecit
449 848 565 910 periturus
575 847 600 895 in
611 863 703 911 agmen.

143 915 314 978 Consequimur
324 913 409 974 nsueti,
421 921 444 960 et
454 912 531 960 densis
541 913 679 960 incurrimus
689 913 767 962 armis.
815 957 817 962 .

144 980 194 1027 Htc
204 979 307 1042 primum
317 993 347 1026 ex
357 978 405 1025 alto
415 977 506 1025 delubri
517 977 618 1025 culmine
627 977 680 1026 telis
766 981 816 1030 410

144 1045 284 1092 Nostrorum
295 1042 423 1101 obruimur,
434 1041 552 1105 orinuque
562 1041 689 1090 miserrima
699 1043 781 1105 credes,

144 1109 274 1156 Armorum
284 1106 351 1165 faeie,
362 1114 386 1155 et
396 1106 520 1154 Graiarum
531 1121 604 1154 errore
612 1107 731 1168 jubamm.

145 1173 211 1220 'l'um
222 1171 308 1228 Danai,
320 1171 408 1233 gemitu
420 1179 490 1234 atque
500 1179 583 1233 ereptae
593 1170 688 1234 virginis
702 1172 745 1233 iri,

144 1237 256 1300 Undique
267 1235 356 1283 oolleoti
368 1235 482 1283 invadunt
486 1253 494 1296 ;
512 1234 635 1284 esurimus
645 1237 720 1298 Ajen,

144 1301 179 1364 Et
188 1300 275 1364 gemini
284 1300 384 1360 Atride,
396 1299 563 1364 Dolopumque
573 1300 685 1349 exereitus
695 1303 786 1351 omnies

145 1365 247 1414 Adversi
256 1374 325 1427 rupto
336 1379 377 1412 eeu
388 1363 507 1428 quondam
518 1364 609 1412 turbine
620 1365 683 1412 venti
763 1368 813 1416 416

145 1429 289 1492 Confligunt,
302 1428 477 1493 Zephyrusque,
490 1429 621 1504 Notusque,
633 1437 657 1477 et
666 1429 735 1478 letus
744 1431 803 1480 Eois

145 1495 225 1544 Eurus
236 1493 314 1558 equis:
331 1493 432 1541 stridunt
442 1493 515 1553 silvae,
527 1503 636 1556 saevstque
647 1493 741 1542 tridenti

145 1561 272 1622 Spumeus,
282 1567 352 1622 atque
361 1557 410 1605 imo
421 1558 512 1605 Nereus
522 1557 566 1605 ciet
574 1571 666 1622 aequors
676 1558 757 1608 fundo.

145 1623 276 1681 Illietiem,
292 1622 732 1686 siquosobsemhnocteperumbrem
764 1626 814 1673 420

145 1689 261 1737 Fudimus
270 1687 368 1746 insidiis,
379 1687 474 1750 totique
483 1686 622 1748 agitavimus
632 1689 698 1748 urbe,

145 1752 284 1816 Apparent3
302 1751 373 1814 primi
382 1751 475 1814 clypeos
485 1751 628 1827 mentitaque
638 1752 684 1800 tela

144 1816 292 1880 Agnoscunt,
304 1824 374 1880 atque
384 1830 424 1863 ora
434 1829 491 1863 sono
501 1814 612 1864 ffisoomm
622 1816 722 1880 signent.

145 1882 213 1929 llieet
224 1881 343 1928 obruimur
350 1890 454 1928 numero.
488 1879 627 1944 Primusque
638 1881 749 1933 Coroebus

146 1946 240 1995 Penelei
250 1944 340 2004 dextri,
352 1945 422 1992 Dirae
431 1943 589 2006 armipotentis
600 1944 630 1991 ad
640 1960 713 2006 aram,
765 1945 814 1994 tat

145 2009 297 2066 Prommbitt
314 2008 377 2057 eadit
385 2017 409 2057 et
419 2009 534 2071 Rhipeus,
543 2008 685 2069 justissimus
695 2026 757 2058 unus

145 2074 197 2134 Qui
206 2074 251 2122 fuit
259 2074 285 2120 in
296 2072 401 2134 Teucris,
413 2082 437 2121 et
446 2073 631 2120 servantissimus
677 2074 716 2122 uie

145 2138 193 2187 Dis
203 2139 269 2187 aliter
279 2137 371 2186 visum:
388 2146 486 2200 pereum
496 2089 807 2204 flypmisquenitquue,

145 2202 239 2252 confixi
249 2220 264 2251 a
274 2203 355 2260 sociisg
373 2217 415 2250 nee
425 2210 449 2250 te
458 2210 500 2248 tua
510 2201 620 2264 plurime,
633 2202 736 2264 Panthu,

144 2267 275 2316 lubentem
285 2267 367 2330 pietas,
378 2265 549 2329 neeApollisis
559 2265 642 2325 infula,
654 2267 720 2315 texit.
764 2269 814 2318 4³0

144 2332 213 2380 Iliaci
223 2332 317 2392 eineres,
329 2341 353 2379 et
362 2331 458 2379 flamma
468 2338 571 2378 extrema
581 2345 695 2390 meorum,

146 2394 685 2454 Testor‚inoeeesuveetronoetdaneeullss

145 2459 263 2508 vitavisse
273 2459 333 2507 vises
344 2459 470 2518 Denatm5
487 2467 519 2518 et,
530 2458 550 2505 si
560 2458 608 2506 fau
618 2458 724 2519 fuissent,

146 2524 181 2570 Ut
191 2524 304 2582 caderem,
315 2523 427 2572 meruisse
436 2537 517 2572 manu.
551 2522 691 2571 Divellimur
701 2525 761 2578 inde,

147 2587 241 2650 Iphitus
252 2596 275 2636 et
286 2588 364 2636 Pelius
373 2602 479 2643 mecum3
491 2601 591 2650 quorum
603 2586 696 2652 Iphitus
707 2604 756 2638 aevo
767 2591 816 2660 435
892 2627 906 2640 ,
