1892 2917
149 82 181 131 11
320 80 509 131 amamus.
525 82 572 131 1v.
590 81 644 131 tta.

149 209 260 272 Quotque
270 209 294 257 in
304 209 360 257 flore
369 223 429 257 nem
438 208 515 272 pomis
524 209 713 259 selenliwlras
767 206 817 255 142

149 272 269 332 Induerat,
280 273 375 321 tetidem
385 280 510 321 auctumno
519 283 612 321 mamre
620 275 720 322 tenebat.

150 337 196 385 Ille
206 337 275 385 etiam
286 352 346 385 seras
355 337 381 383 in
391 351 484 385 versum
494 337 584 386 distulit
593 338 678 396 ulmos,
769 336 816 384 144

150 400 301 464 Eduramque
311 402 397 465 pirum,
409 410 432 448 et
441 400 518 463 spinea
526 403 575 461 jam
586 416 662 465 pruna
671 402 778 458 ferentes,

150 464 254 527 Jamque
264 466 430 512 ministrantem
441 464 562 527 platanum
572 466 705 529 potantibus
715 466 818 513 umbras.

150 528 240 576 Verum
251 528 300 577 haec
310 529 359 592 ipse
369 528 485 591 equidem,
496 530 575 591 spatiis
584 531 691 577 exclusus
700 528 795 591 iniquis,

151 592 273 652 Praetereo,
285 601 354 656 atque
364 592 414 639 aliia
426 601 478 655 pest
487 608 526 640 me
535 594 684 641 memoranda
693 592 807 655 relinquo.

184 656 255 704 Nunc
266 672 317 719 age,
329 666 421 703 naturas
432 656 514 719 apibus
525 672 583 719 quas
592 658 687 720 Jupiter
696 658 746 719 ipse

151 718 260 776 Addidit,
272 720 401 785 expediam,
412 735 455 782 pro
464 718 512 783 qut
521 721 633 779 mncede,
644 736 737 769 canoros
771 721 819 769 ltu

153 784 265 831 Curetum
278 785 364 831 sonitus
375 783 554 847 crepitantiaque
563 801 609 832 ara
619 794 711 845 acuite,

152 846 243 896 Dictae
253 848 303 895 cccli
314 849 402 909 Regem
413 849 498 910 pavere
507 850 552 895 sub
561 858 634 896 antro.

152 912 214 959 Sola
224 926 358 959 communes
368 920 441 970 natos,
453 912 565 959 consortia
572 921 632 961 tetta
724 925 727 933 “

152 974 224 1023 Urbis
232 974 326 1034 habent,
334 975 470 1039 magnisque
478 976 567 1038 agitant
575 979 619 1024 sub
628 977 719 1040 legibus
728 992 820 1036 avum

153 1038 187 1087 Et
196 1038 295 1103 patriam
306 1039 360 1087 solae
371 1048 394 1087 et
405 1047 477 1087 certas
487 1043 571 1088 novere
580 1050 689 1104 penates,
772 1043 820 1089 lta

153 1100 310 1166 Venturaeque
319 1103 402 1151 hiemis
413 1118 532 1163 memores,
544 1113 621 1153 aestate
630 1105 732 1153 laborem

153 1166 321 1230 Experiuntur,
332 1168 388 1216 etin
399 1167 503 1215 medium
513 1169 608 1231 quesita
620 1176 741 1232 reponunt.

153 1229 264 1295 Namque
274 1231 326 1279 alin
336 1232 397 1279 victu
407 1232 536 1294 invigilant,
548 1242 571 1281 et
579 1233 663 1281 fudere
672 1242 740 1295 pacto
843 1271 845 1275 ,

153 1294 297 1343 Exercentur
307 1296 382 1359 egris3
399 1312 451 1359 pars
462 1296 523 1343 intra
532 1307 597 1360 septa
606 1298 730 1345 dumorum

154 1359 257 1407 Narcissi
267 1361 402 1423 lacrymam,
409 1368 432 1407 et
440 1360 529 1407 lentum
539 1362 569 1409 de
579 1362 661 1409 cortice
670 1361 759 1424 gluten,
774 1362 822 1409 lae

154 1423 235 1471 Prima
245 1424 302 1471 savis
313 1431 402 1487 ponunt
409 1424 554 1486 fundamina,
564 1425 648 1474 deinde
656 1435 745 1475 tenaces

154 1487 303 1551 Suspendant
313 1502 390 1544 ceras3
408 1488 467 1547 aliae,
479 1503 545 1549 spem
555 1490 637 1553 gentis,
649 1490 740 1539 adultus

154 1551 266 1600 Eductmt
275 1552 351 1608 letum
369 1552 420 1600 aliae
429 1553 551 1615 purissima
558 1554 629 1601 mella

154 1616 255 1679 Stipant,
267 1624 289 1664 et
299 1616 387 1679 liquido
398 1616 533 1664 distendunt
542 1626 632 1665 nectare
641 1618 717 1665 cellas.

155 1680 224 1739 Sunt,
236 1680 320 1744 quibus
331 1680 361 1727 ad
371 1689 447 1743 portas
458 1681 539 1728 cecidit
548 1682 651 1730 cusmdia
660 1681 731 1738 sortig
774 1682 822 1729 lte

156 1744 234 1807 Inque
244 1744 317 1793 vicem
328 1744 475 1806 speculantur
484 1761 556 1808 aquas
566 1755 589 1793 et
598 1746 755 1802 nubila=coeli3

154 1806 207 1856 Aut
216 1822 285 1855 onera
295 1808 410 1871 accipiunt
420 1809 561 1867 venientum,
572 1819 621 1870 aut,
633 1812 726 1873 agmine
735 1811 804 1870 factu,

155 1872 281 1935 Ignavum,
292 1872 364 1929 fures,
376 1888 445 1935 pecus
455 1888 470 1919 a
480 1874 619 1936 presepibua
629 1883 714 1922 arcent.

155 1936 239 1984 Fervet
249 1951 316 2000 opus,
327 1936 475 2001 redolentque
485 1937 566 2000 thymo
576 1938 701 2001 fragrantia
710 1939 789 1987 mella.

155 2000 194 2048 Ac
205 2001 284 2059 veluti,
296 2000 364 2047 lentis
375 2001 487 2064 Cyclopes
496 2001 596 2048 fulmina
605 2002 687 2050 messis
713 2009 715 2016 “
774 2001 823 2057 170

156 2064 218 2112 Cum
229 2071 361 2139 properant,
372 2065 411 2112 alii
422 2065 518 2113 taurinis
528 2065 622 2113 lollium
631 2082 700 2115 auras

156 2129 283 2193 Accipiunt
291 2128 444 2203 redduntque,
455 2129 495 2177 alii
505 2130 623 2177 stridentia
643 2130 649 2141 '
699 2140 727 2179 nt

143 2192 215 2245 .AEra
225 2194 276 2240 lacu
286 2208 294 2249 ς
312 2192 386 2255 gemit
395 2193 509 2256 rmpoaitis
518 2194 641 2242 incudibus
684 2204 740 2253 maa

156 2257 197 2304 Illi
207 2257 266 2305 inter
276 2272 323 2305 sese
333 2257 419 2320 magns
429 2257 452 2305 vi
463 2258 555 2305 brachia
564 2258 650 2306 tollunt

156 2322 186 2369 In
197 2336 329 2379 numerum,
338 2330 473 2385 versantque
481 2322 555 2369 tenaci
564 2322 650 2385 forcipe
658 2323 762 2371 ferrum
777 2322 825 2377 17⁶

156 2385 213 2434 Non
223 2384 298 2443 aliter,
310 2385 329 2433 si
339 2400 409 2447 parra
419 2385 472 2433 licet
482 2400 618 2449 componere
627 2386 727 2449 magnis,

157 2449 278 2513 Cecropias
287 2449 380 2497 innatus
387 2465 441 2513 apes
452 2464 517 2497 amor
526 2458 594 2513 urget
602 2450 711 2510 habendi,

157 2512 259 2562 Munere
268 2528 387 2576 quamque
397 2528 446 2561 ruo.
463 2513 598 2562 Grandmis
606 2515 693 2578 oppida
701 2530 772 2576 cura,

157 2576 191 2625 Et
201 2576 293 2625 munire
303 2577 375 2637 favos,
387 2576 686 2641 etdedalafingereteetae
809 2610 814 2617 ·
