1892 2917
155 95 187 141 is
293 164 294 167 Ἴ
335 90 525 143 cuoucrcn
542 92 579 141 11.
598 92 652 147 nc

155 220 284 285 Ingratus,
296 230 386 271 suncws
396 237 465 270 ausus
478 221 595 270 recludere
603 213 699 277 fontes}
780 217 828 274 175

154 288 323 350 Ascraeumque
331 302 387 335 ceno
396 287 505 334 Romans
513 302 555 349 per
565 284 652 350 oppido
661 298 762 332 carmen.

189 351 261 399 Nunc
270 352 333 399 locus
341 366 449 399 arvorum
459 350 574 413 ingeniis3
585 365 638 413 quae
644 350 727 396 robore
734 348 829 412 urique,

156 414 217 473 Quis
227 416 296 474 culor,
308 424 331 463 et
342 432 394 479 quae
404 416 433 463 sit
441 418 509 463 rebus
519 426 603 462 nutura
611 412 720 461 ferendis.

156 479 268 527 Difficiles
279 481 381 543 primum
392 488 466 537 terrae,
478 479 592 543 collesque
601 477 708 539 maligni,
777 496 782 505 ’
817 494 820 498 ·

157 544 246 592 Tenuis
256 545 298 591 ubi
309 544 390 607 argilla
400 552 423 605 et
430 543 533 591 dumosis
543 542 644 591 calculus
654 542 723 601 artu,
780 542 828 589 100

156 608 262 656 Palladit
272 609 374 671 gaudent
383 607 441 656 silvi
450 607 534 655 vivacis
541 608 614 655 olivae.
627 632 629 636 ·

156 672 246 720 Indicio
257 682 291 721 est
302 681 375 721 tractu
387 687 481 735 surgens
491 671 587 720 oleaster
596 671 677 719 eodem

156 736 285 799 Plurimus,
297 746 319 785 et
330 737 394 785 strati
405 736 479 784 beccis
489 736 630 783 silvestribus
640 734 697 798 agri.

155 800 192 848 At
203 817 255 865 quae
263 802 356 865 pingnris
366 802 461 861 humus,
473 801 581 863 dulcique
591 799 680 861 uligine
689 800 751 858 laeta,

156 865 253 929 Quique
261 866 371 929 ‘frequens
380 865 457 913 herbis
468 874 492 914 et
502 864 583 912 fertilis
593 866 664 911 ubere
674 878 786 926 ccmpus3

155 930 257 988 Qualem
269 946 329 992 saepe
339 930 395 977 ccvi
405 929 491 976 montis
500 929 603 976 convalle
612 928 713 975 solemus
780 927 828 975 180

156 994 283 1056 Dispicere,
296 994 353 1057 (huc
364 994 461 1041 summis
471 994 490 1039 li
505 1002 594 1040 uuntur
603 991 700 1054 rupibus
710 1004 799 1050 cinnes,

155 1056 303 1121 Felicemque
314 1058 408 1105 trahunt
415 1009 512 1119 limunss
522 1057 608 1121 quique
619 1056 694 1104 editus
703 1055 802 1115 Austro,
886 1119 888 1121 η

154 1120 188 1168 Et
199 1121 282 1169 filicem
293 1123 367 1169 curvis
377 1122 475 1169 invisam
486 1122 558 1184 pascit
565 1120 645 1167 aratris
654 1136 662 1175 ς

155 1184 204 1233 Hic
214 1186 257 1233 tibi
266 1185 400 1249 praevalidus
411 1186 467 1232 olim
478 1185 599 1247 multoque
610 1184 706 1232 fluentes
778 1183 827 1230 100

155 1249 259 1297 Sufficiet
268 1250 361 1297 Baccho
372 1250 429 1297 vites
437 1266 446 1306 ς
462 1249 502 1296 hic
511 1248 592 1295 fertilis
601 1264 662 1306 uste,

155 1312 204 1361 Hic
214 1314 294 1373 laticis,
307 1314 399 1377 qualern
410 1314 494 1376 pateris
503 1314 604 1359 libamus
613 1320 636 1360 et
646 1326 712 1370 euro,

155 1378 251 1427 Inilavit
261 1393 314 1425 cum
325 1377 419 1441 pinguis
430 1380 487 1425 ebur
498 1377 635 1440 Tyrrhenus
645 1376 676 1422 ud
686 1390 745 1433 uras,

155 1442 273 1491 Lancibus
282 1451 304 1489 et
315 1441 397 1505 pandis
407 1441 522 1489 fumantia
532 1440 649 1488 reddimus
656 1447 718 1487 exte.

144 1507 197 1565 ‚Sin
208 1515 311 1555 armenta
321 1507 395 1569 magis
406 1505 508 1553 studium
520 1505 649 1567 vitulosque
658 1504 727 1563 tueri,
779 1501 827 1551 1οὖ

154 1570 208 1618 Aut
215 1572 275 1619 fetus
285 1572 373 1630 ovium,
385 1579 425 1617 sut
436 1579 527 1618 urentes
538 1569 600 1617 cultu
610 1568 718 1631 capellus,

150 1636 242 1695 Saltus,
254 1645 277 1683 et
287 1635 358 1683 saturi
368 1635 439 1700 petito
449 1635 577 1697 longinqua
590 1633 696 1691 Tarenti,

155 1698 189 1747 Et
199 1700 292 1763 qualem
302 1700 384 1747 infelix
395 1699 472 1747 emisit
483 1699 585 1745 Mantua
591 1712 710 1760 campum,

156 1763 291 1811 Pascentem
303 1764 380 1811 niveos
390 1764 486 1811 herboso
497 1763 593 1809 flumine
603 1776 692 1825 cycnos.

155 1828 212 1876 Non
222 1828 306 1891 liquidi
316 1828 423 1891 gregibus
434 1828 517 1885 fontes,
527 1842 575 1874 non
582 1826 688 1890 gramina
696 1824 811 1882 deerunte

154 1892 196 1951 Et,
208 1902 323 1956 quantum
333 1892 408 1955 longis
418 1900 512 1955 carpent
521 1899 626 1939 armentu
635 1890 725 1951 diebus,
774 1888 823 1937 201

154 1955 250 2021 Exigui
260 1965 351 2005 tanturn
362 1956 451 2019 gelidus
461 1972 498 2003 ros
507 1954 573 2003 nocte
583 1963 684 2018 reponet.

155 2022 231 2085 Nigra
242 2022 290 2069 fere
300 2030 323 2069 et
333 2036 410 2084 presso
420 2020 514 2085 pinguis
525 2023 568 2068 sub
579 2035 671 2068 vomere
681 2026 751 2078 tem,

154 2084 188 2133 Et
199 2086 236 2133 cui
247 2095 314 2149 putre
324 2086 399 2133 solum
412 2088 524 2149 (namque
535 2085 579 2133 hoc
587 2084 708 2131 imitemur
715 2080 825 2143 arando),

134 2206 136 2211 .
154 2149 253 2213 Optima
263 2150 399 2198 frumentisr
417 2164 463 2197 non
477 2150 526 2196 ullo
536 2164 566 2196 ex
577 2164 668 2211 equore
678 2162 756 2195 cernes
776 2148 826 2195 205

154 2214 227 2261 Plura
237 2214 334 2261 domum
345 2214 415 2263 turdis
426 2214 533 2262 decedere
543 2214 646 2275 plaustra
653 2211 775 2273 juvencis3

154 2278 216 2337 Aut,
224 2279 287 2326 unde
297 2279 368 2327 iratus
378 2280 459 2327 silvam
470 2277 564 2325 devexit
571 2286 655 2333 mator,

153 2342 188 2389 Et
197 2358 292 2390 nemora
303 2344 382 2391 evertit
392 2344 479 2390 multos
489 2342 573 2404 ignava
583 2356 625 2403 per
635 2354 717 2399 annos,

153 2407 318 2470 Antiquusque
328 2407 409 2455 domos
419 2406 498 2453 avium
506 2421 561 2453 cum
569 2404 678 2467 stirpibus
689 2402 744 2452 imis

153 2470 238 2519 Emit:
255 2471 302 2518 illu
312 2472 386 2526 ultum
397 2470 458 2517 nidis
468 2470 555 2532 petiere
566 2468 666 2524 relictis3
775 2468 826 2528 210

153 2535 189 2582 At
200 2535 263 2583 rudis
274 2534 357 2582 enituit
366 2533 467 2597 impulso
477 2548 569 2581 vomere
578 2546 682 2595 campus.

154 2598 219 2647 Nem
227 2600 310 2661 jejune
320 2598 415 2663 quidem
425 2596 505 2647 clivosi
514 2596 592 2659 glarea
601 2594 662 2645 ruris
