<?xml version="1.0" encoding="UTF-8"?>
<!DOCTYPE html PUBLIC "-//W3C//DTD XHTML 1.0 Transitional//EN"
    "http://www.w3.org/TR/xhtml1/DTD/xhtml1-transitional.dtd">
<html xmlns="http://www.w3.org/1999/xhtml" xml:lang="en" lang="en">
 <head>
  <title>
</title>
<meta http-equiv="Content-Type" content="text/html;charset=utf-8" />
  <meta name='ocr-system' content='tesseract 3.04.00' />
  <meta name='ocr-capabilities' content='ocr_page ocr_carea ocr_par ocr_line ocrx_word'/>
</head>
<body>
  <div class='ocr_page' id='page_1' title='image "./pvirgiliimaroni21virggoog_0392.png"; bbox 0 0 1892 2917; ppageno 0'>
   <div class='ocr_carea' id='block_1_1' title="bbox 145 75 578 129">
    <p class='ocr_par' dir='ltr' id='par_1_1' title="bbox 145 75 578 129">
     <span class='ocr_line' id='line_1_1' title="bbox 145 75 578 129; baseline -0.007 -2"><span class='ocrx_word' id='word_1_1' title='bbox 145 78 194 127; x_wconf 74' lang='lat'><strong>³84</strong></span> <span class='ocrx_word' id='word_1_2' title='bbox 386 75 578 129; x_wconf 69' lang='lat' dir='ltr'><strong>nomon.</strong></span> 
     </span>
    </p>
   </div>
   <div class='ocr_carea' id='block_1_2' title="bbox 144 203 821 852">
    <p class='ocr_par' dir='ltr' id='par_1_2' title="bbox 144 203 821 852">
     <span class='ocr_line' id='line_1_2' title="bbox 251 203 821 272; baseline -0.002 -17"><span class='ocrx_word' id='word_1_3' title='bbox 251 207 277 255; x_wconf 88' lang='lat' dir='ltr'><strong>th</strong></span> <span class='ocrx_word' id='word_1_4' title='bbox 334 221 355 267; x_wconf 88' lang='lat' dir='ltr'><strong>e,</strong></span> <span class='ocrx_word' id='word_1_5' title='bbox 366 206 504 272; x_wconf 61' lang='lat' dir='ltr'><strong>hederque</strong></span> <span class='ocrx_word' id='word_1_6' title='bbox 513 203 684 269; x_wconf 82' lang='lat' dir='ltr'><strong>nitor&#39;pallente</strong></span> <span class='ocrx_word' id='word_1_7' title='bbox 695 209 821 269; x_wconf 75' lang='lat' dir='ltr'><strong>corymbo,</strong></span> 
     </span>
     <span class='ocr_line' id='line_1_3' title="bbox 145 222 791 337; baseline -0.003 -18"><span class='ocrx_word' id='word_1_8' title='bbox 145 272 179 319; x_wconf 84' lang='lat' dir='ltr'><strong>Et</strong></span> <span class='ocrx_word' id='word_1_9' title='bbox 270 222 391 337; x_wconf 57' lang='lat' dir='ltr'><strong>uffibyae</strong></span> <span class='ocrx_word' id='word_1_10' title='bbox 401 273 461 335; x_wconf 85' lang='lat' dir='ltr'><strong>regis</strong></span> <span class='ocrx_word' id='word_1_11' title='bbox 472 286 576 319; x_wconf 83' lang='lat' dir='ltr'><strong>memor:</strong></span> <span class='ocrx_word' id='word_1_12' title='bbox 593 271 633 318; x_wconf 84' lang='lat' dir='ltr'><strong>hic</strong></span> <span class='ocrx_word' id='word_1_13' title='bbox 643 280 791 331; x_wconf 69' lang='lat' dir='ltr'><strong>momentus,</strong></span> 
     </span>
     <span class='ocr_line' id='line_1_4' title="bbox 144 335 781 401; baseline -0.002 -18"><span class='ocrx_word' id='word_1_14' title='bbox 144 336 368 401; x_wconf 81' lang='lat' dir='ltr'><strong>Buphthulmusque</strong></span> <span class='ocrx_word' id='word_1_15' title='bbox 378 338 462 397; x_wconf 81' lang='lat' dir='ltr'><strong>virens,</strong></span> <span class='ocrx_word' id='word_1_16' title='bbox 474 345 498 384; x_wconf 89' lang='lat' dir='ltr'><strong>ct</strong></span> <span class='ocrx_word' id='word_1_17' title='bbox 508 343 599 399; x_wconf 85' lang='lat' dir='ltr'><strong>semper</strong></span> <span class='ocrx_word' id='word_1_18' title='bbox 608 335 689 383; x_wconf 81' lang='lat' dir='ltr'><strong>florida</strong></span> <span class='ocrx_word' id='word_1_19' title='bbox 699 337 781 398; x_wconf 80' lang='lat' dir='ltr'>pinus.</span> 
     </span>
     <span class='ocr_line' id='line_1_5' title="bbox 144 399 821 464; baseline 0.001 -18"><span class='ocrx_word' id='word_1_20' title='bbox 144 400 201 447; x_wconf 92' lang='lat' dir='ltr'><strong>Non</strong></span> <span class='ocrx_word' id='word_1_21' title='bbox 212 400 277 449; x_wconf 90' lang='lat' dir='ltr'><strong>illinc</strong></span> <span class='ocrx_word' id='word_1_22' title='bbox 288 402 409 451; x_wconf 75' lang='lat' dir='ltr'><strong>Narcissus</strong></span> <span class='ocrx_word' id='word_1_23' title='bbox 419 404 493 460; x_wconf 83' lang='lat' dir='ltr'><strong>abest,</strong></span> <span class='ocrx_word' id='word_1_24' title='bbox 500 400 542 448; x_wconf 80' lang='lat' dir='ltr'><strong>oui</strong></span> <span class='ocrx_word' id='word_1_25' title='bbox 552 401 627 464; x_wconf 82' lang='lat' dir='ltr'><strong>gratia</strong></span> <span class='ocrx_word' id='word_1_26' title='bbox 636 399 720 449; x_wconf 77' lang='lat' dir='ltr'><strong>formio</strong></span> <span class='ocrx_word' id='word_1_27' title='bbox 769 401 821 455; x_wconf 76' lang='lat'><strong>407</strong></span> 
     </span>
     <span class='ocr_line' id='line_1_6' title="bbox 145 464 678 530; baseline 0.002 -18"><span class='ocrx_word' id='word_1_28' title='bbox 145 464 206 527; x_wconf 86' lang='lat' dir='ltr'><strong>Igne</strong></span> <span class='ocrx_word' id='word_1_29' title='bbox 216 466 347 528; x_wconf 80' lang='lat' dir='ltr'>Cupidineo</span> <span class='ocrx_word' id='word_1_30' title='bbox 357 467 460 530; x_wconf 81' lang='lat' dir='ltr'><strong>proprios</strong></span> <span class='ocrx_word' id='word_1_31' title='bbox 470 465 556 521; x_wconf 76' lang='lat' dir='ltr'><strong>exarsit</strong></span> <span class='ocrx_word' id='word_1_32' title='bbox 565 466 591 513; x_wconf 92' lang='lat' dir='ltr'><strong>in</strong></span> <span class='ocrx_word' id='word_1_33' title='bbox 601 474 678 523; x_wconf 61' lang='lat' dir='ltr'><strong>artum</strong></span> 
     </span>
     <span class='ocr_line' id='line_1_7' title="bbox 145 528 761 595; baseline 0.002 -19"><span class='ocrx_word' id='word_1_34' title='bbox 145 528 179 577; x_wconf 85' lang='lat' dir='ltr'><strong>Et</strong></span> <span class='ocrx_word' id='word_1_35' title='bbox 185 544 344 595; x_wconf 84' lang='lat' dir='ltr'><strong>quoscumque</strong></span> <span class='ocrx_word' id='word_1_36' title='bbox 351 540 439 579; x_wconf 83' lang='lat' dir='ltr'><strong>novant</strong></span> <span class='ocrx_word' id='word_1_37' title='bbox 446 530 565 580; x_wconf 86' lang='lat' dir='ltr'><strong>vernantia</strong></span> <span class='ocrx_word' id='word_1_38' title='bbox 572 540 677 593; x_wconf 87' lang='lat' dir='ltr'><strong>tempora</strong></span> <span class='ocrx_word' id='word_1_39' title='bbox 683 528 761 577; x_wconf 85' lang='lat' dir='ltr'><strong>flores.</strong></span> 
     </span>
     <span class='ocr_line' id='line_1_8' title="bbox 146 594 798 659; baseline 0 -19"><span class='ocrx_word' id='word_1_40' title='bbox 146 594 193 640; x_wconf 88' lang='lat' dir='ltr'><strong>His</strong></span> <span class='ocrx_word' id='word_1_41' title='bbox 204 594 310 643; x_wconf 83' lang='lat' dir='ltr'><strong>tumulus</strong></span> <span class='ocrx_word' id='word_1_42' title='bbox 321 610 391 658; x_wconf 80' lang='lat' dir='ltr'><strong>super</strong></span> <span class='ocrx_word' id='word_1_43' title='bbox 408 595 536 659; x_wconf 75' lang='lat' dir='ltr'><strong>ingeriturr</strong></span> <span class='ocrx_word' id='word_1_44' title='bbox 553 603 607 642; x_wconf 89' lang='lat' dir='ltr'><strong>tum</strong></span> <span class='ocrx_word' id='word_1_45' title='bbox 616 594 693 641; x_wconf 78' lang='lat' dir='ltr'><strong>fronte</strong></span> <span class='ocrx_word' id='word_1_46' title='bbox 701 594 798 641; x_wconf 84' lang='lat' dir='ltr'><strong>locatur</strong></span> 
     </span>
     <span class='ocr_line' id='line_1_9' title="bbox 145 657 819 723; baseline -0.001 -18"><span class='ocrx_word' id='word_1_47' title='bbox 145 657 266 723; x_wconf 63' lang='lat' dir='ltr'><strong>Regium,</strong></span> <span class='ocrx_word' id='word_1_48' title='bbox 278 660 349 707; x_wconf 76' lang='lat' dir='ltr'><strong>taciti</strong></span> <span class='ocrx_word' id='word_1_49' title='bbox 358 660 422 723; x_wconf 90' lang='lat' dir='ltr'><strong>quod</strong></span> <span class='ocrx_word' id='word_1_50' title='bbox 432 660 519 707; x_wconf 74' lang='lat' dir='ltr'><strong>format</strong></span> <span class='ocrx_word' id='word_1_51' title='bbox 528 660 594 707; x_wconf 83' lang='lat' dir='ltr'><strong>litera</strong></span> <span class='ocrx_word' id='word_1_52' title='bbox 604 674 674 706; x_wconf 77' lang='lat' dir='ltr'><strong>vocer</strong></span> <span class='ocrx_word' id='word_1_53' title='bbox 768 658 819 705; x_wconf 76' lang='grc'><strong>411</strong></span> 
     </span>
     <span class='ocr_line' id='line_1_10' title="bbox 146 723 782 788; baseline 0.002 -18"><span class='ocrx_word' id='word_1_54' title='bbox 146 725 164 751; x_wconf 89' lang='grc'>“</span> <span class='ocrx_word' id='word_1_55' title='bbox 173 724 248 773; x_wconf 84' lang='lat' dir='ltr'><strong>Parve</strong></span> <span class='ocrx_word' id='word_1_56' title='bbox 259 724 343 784; x_wconf 81' lang='lat' dir='ltr'>Culex,</span> <span class='ocrx_word' id='word_1_57' title='bbox 354 724 472 788; x_wconf 78' lang='lat' dir='ltr'><strong>pecudum</strong></span> <span class='ocrx_word' id='word_1_58' title='bbox 483 732 560 772; x_wconf 81' lang='lat' dir='ltr'><strong>custos</strong></span> <span class='ocrx_word' id='word_1_59' title='bbox 569 723 612 772; x_wconf 86' lang='lat' dir='ltr'><strong>tibi</strong></span> <span class='ocrx_word' id='word_1_60' title='bbox 622 723 669 771; x_wconf 84' lang='lat' dir='ltr'><strong>tale</strong></span> <span class='ocrx_word' id='word_1_61' title='bbox 678 723 782 774; x_wconf 83' lang='lat' dir='ltr'><strong>merenti</strong></span> 
     </span>
     <span class='ocr_line' id='line_1_11' title="bbox 145 786 708 852; baseline 0.002 -17"><span class='ocrx_word' id='word_1_62' title='bbox 145 786 243 837; x_wconf 82' lang='lat' dir='ltr'><strong>Funeris</strong></span> <span class='ocrx_word' id='word_1_63' title='bbox 253 788 364 850; x_wconf 88' lang='lat' dir='ltr'><strong>officium,</strong></span> <span class='ocrx_word' id='word_1_64' title='bbox 375 790 429 839; x_wconf 82' lang='lat' dir='ltr'><strong>uitae</strong></span> <span class='ocrx_word' id='word_1_65' title='bbox 438 804 482 852; x_wconf 90' lang='lat' dir='ltr'><strong>pro</strong></span> <span class='ocrx_word' id='word_1_66' title='bbox 491 804 597 850; x_wconf 84' lang='lat' dir='ltr'><strong>munere,</strong></span> <span class='ocrx_word' id='word_1_67' title='bbox 607 788 708 837; x_wconf 86' lang='lat' dir='ltr'><strong>reddit.”</strong></span> 
     </span>
    </p>
   </div>
   <div class='ocr_carea' id='block_1_3' title="bbox 384 984 577 1035">
    <p class='ocr_par' dir='ltr' id='par_1_3' title="bbox 384 984 577 1035">
     <span class='ocr_line' id='line_1_12' title="bbox 384 984 577 1035; baseline 0 -2"><span class='ocrx_word' id='word_1_68' title='bbox 384 984 577 1035; x_wconf 79' lang='lat' dir='ltr'>MORE&#39;I&#39;UM.</span> 
     </span>
    </p>
   </div>
   <div class='ocr_carea' id='block_1_4' title="bbox 140 1113 827 2667">
    <p class='ocr_par' dir='ltr' id='par_1_4' title="bbox 140 1113 827 2667">
     <span class='ocr_line' id='line_1_13' title="bbox 177 1113 796 1180; baseline 0.008 -19"><span class='ocrx_word' id='word_1_69' title='bbox 177 1113 235 1161; x_wconf 81' lang='lat' dir='ltr'><strong>Jam</strong></span> <span class='ocrx_word' id='word_1_70' title='bbox 246 1130 294 1163; x_wconf 82' lang='lat' dir='ltr'><strong>uox</strong></span> <span class='ocrx_word' id='word_1_71' title='bbox 303 1114 411 1164; x_wconf 79' lang='lat' dir='ltr'><strong>hibernae</strong></span> <span class='ocrx_word' id='word_1_72' title='bbox 421 1114 458 1163; x_wconf 83' lang='lat' dir='ltr'><strong>bis</strong></span> <span class='ocrx_word' id='word_1_73' title='bbox 468 1113 574 1180; x_wconf 89' lang='lat' dir='ltr'><strong>quinque</strong></span> <span class='ocrx_word' id='word_1_74' title='bbox 583 1122 701 1177; x_wconf 70' lang='lat' dir='ltr'><strong>peregcm</strong></span> <span class='ocrx_word' id='word_1_75' title='bbox 710 1113 796 1174; x_wconf 62' lang='lat' dir='ltr'><strong>homa</strong></span> 
     </span>
     <span class='ocr_line' id='line_1_14' title="bbox 145 1176 695 1244; baseline 0.002 -17"><span class='ocrx_word' id='word_1_76' title='bbox 145 1176 321 1244; x_wconf 80' lang='lat' dir='ltr'><strong>Excubitorque</strong></span> <span class='ocrx_word' id='word_1_77' title='bbox 329 1180 393 1228; x_wconf 85' lang='lat' dir='ltr'><strong>diem</strong></span> <span class='ocrx_word' id='word_1_78' title='bbox 403 1188 473 1227; x_wconf 85' lang='lat' dir='ltr'><strong>cantu</strong></span> <span class='ocrx_word' id='word_1_79' title='bbox 484 1180 622 1242; x_wconf 67' lang='lat' dir='ltr'><strong>praedixerat</strong></span> <span class='ocrx_word' id='word_1_80' title='bbox 631 1179 695 1241; x_wconf 78' lang='lat' dir='ltr'><strong>aleo3</strong></span> 
     </span>
     <span class='ocr_line' id='line_1_15' title="bbox 144 1242 677 1309; baseline 0.002 -17"><span class='ocrx_word' id='word_1_81' title='bbox 144 1242 259 1303; x_wconf 86' lang='lat' dir='ltr'><strong>Simulus,</strong></span> <span class='ocrx_word' id='word_1_82' title='bbox 270 1244 350 1308; x_wconf 82' lang='lat' dir='ltr'><strong>exigui</strong></span> <span class='ocrx_word' id='word_1_83' title='bbox 360 1244 435 1292; x_wconf 87' lang='lat' dir='ltr'><strong>cultor</strong></span> <span class='ocrx_word' id='word_1_84' title='bbox 445 1258 500 1293; x_wconf 84' lang='lat' dir='ltr'><strong>mm</strong></span> <span class='ocrx_word' id='word_1_85' title='bbox 510 1245 609 1293; x_wconf 81' lang='lat' dir='ltr'><strong>rusticua</strong></span> <span class='ocrx_word' id='word_1_86' title='bbox 619 1244 677 1309; x_wconf 72' lang='lat' dir='ltr'><strong>agri,</strong></span> 
     </span>
     <span class='ocr_line' id='line_1_16' title="bbox 147 1306 638 1371; baseline 0.004 -16"><span class='ocrx_word' id='word_1_87' title='bbox 147 1306 234 1355; x_wconf 79' lang='lat' dir='ltr'><strong>Tristia</strong></span> <span class='ocrx_word' id='word_1_88' title='bbox 244 1318 347 1359; x_wconf 78' lang='lat' dir='ltr'><strong>ventrun</strong></span> <span class='ocrx_word' id='word_1_89' title='bbox 357 1318 462 1359; x_wconf 87' lang='lat' dir='ltr'><strong>metuens</strong></span> <span class='ocrx_word' id='word_1_90' title='bbox 471 1309 561 1371; x_wconf 81' lang='lat' dir='ltr'><strong>jejunia</strong></span> <span class='ocrx_word' id='word_1_91' title='bbox 571 1309 638 1368; x_wconf 88' lang='lat' dir='ltr'><strong>lucis,</strong></span> 
     </span>
     <span class='ocr_line' id='line_1_17' title="bbox 145 1369 826 1439; baseline 0.003 -22"><span class='ocrx_word' id='word_1_92' title='bbox 145 1369 256 1425; x_wconf 82' lang='lat' dir='ltr'><strong>Membra</strong></span> <span class='ocrx_word' id='word_1_93' title='bbox 265 1374 327 1423; x_wconf 82' lang='lat' dir='ltr'><strong>levat</strong></span> <span class='ocrx_word' id='word_1_94' title='bbox 337 1375 430 1439; x_wconf 71' lang='lat' dir='ltr'><strong>sensim,</strong></span> <span class='ocrx_word' id='word_1_95' title='bbox 442 1373 485 1422; x_wconf 81' lang='lat' dir='ltr'><strong>vili</strong></span> <span class='ocrx_word' id='word_1_96' title='bbox 494 1374 595 1422; x_wconf 79' lang='lat' dir='ltr'><strong>dernisua</strong></span> <span class='ocrx_word' id='word_1_97' title='bbox 604 1374 709 1437; x_wconf 83' lang='lat' dir='ltr'><strong>grabato,</strong></span> <span class='ocrx_word' id='word_1_98' title='bbox 810 1376 826 1419; x_wconf 87' lang='grc'><strong>5</strong></span> 
     </span>
     <span class='ocr_line' id='line_1_18' title="bbox 145 1435 721 1501; baseline 0.005 -18"><span class='ocrx_word' id='word_1_99' title='bbox 145 1435 296 1501; x_wconf 72' lang='lat' dir='ltr'><strong>Sollicitdque</strong></span> <span class='ocrx_word' id='word_1_100' title='bbox 305 1453 378 1485; x_wconf 83' lang='lat' dir='ltr'><strong>manu</strong></span> <span class='ocrx_word' id='word_1_101' title='bbox 389 1440 494 1487; x_wconf 78' lang='lat' dir='ltr'><strong>tenebras</strong></span> <span class='ocrx_word' id='word_1_102' title='bbox 501 1438 609 1501; x_wconf 72' lang='lat' dir='ltr'><strong>explorat</strong></span> <span class='ocrx_word' id='word_1_103' title='bbox 618 1438 710 1497; x_wconf 85' lang='lat' dir='ltr'><strong>inertes,</strong></span> <span class='ocrx_word' id='word_1_104' title='bbox 718 1456 721 1459; x_wconf 93' lang='lat'>·</span> 
     </span>
     <span class='ocr_line' id='line_1_19' title="bbox 145 1497 760 1613; baseline 0.005 -65"><span class='ocrx_word' id='word_1_105' title='bbox 145 1497 298 1613; x_wconf 68' lang='lat' dir='ltr'><strong>Vestigatpue</strong></span> <span class='ocrx_word' id='word_1_106' title='bbox 308 1503 395 1564; x_wconf 80' lang='lat' dir='ltr'><strong>iocum,</strong></span> <span class='ocrx_word' id='word_1_107' title='bbox 407 1504 477 1551; x_wconf 76' lang='lat' dir='ltr'><strong>lesus</strong></span> <span class='ocrx_word' id='word_1_108' title='bbox 487 1518 558 1571; x_wconf 74' lang='lat' dir='ltr'><strong>quem</strong></span> <span class='ocrx_word' id='word_1_109' title='bbox 568 1503 668 1567; x_wconf 90' lang='lat' dir='ltr'><strong>denique</strong></span> <span class='ocrx_word' id='word_1_110' title='bbox 678 1502 760 1551; x_wconf 83' lang='lat' dir='ltr'><strong>sensit.</strong></span> 
     </span>
     <span class='ocr_line' id='line_1_20' title="bbox 179 1566 720 1631; baseline 0.006 -18"><span class='ocrx_word' id='word_1_111' title='bbox 179 1566 256 1615; x_wconf 87' lang='lat' dir='ltr'><strong>Parvu</strong></span> <span class='ocrx_word' id='word_1_112' title='bbox 268 1583 295 1615; x_wconf 84' lang='lat' dir='ltr'><strong>us</strong></span> <span class='ocrx_word' id='word_1_113' title='bbox 305 1575 388 1617; x_wconf 83' lang='lat' dir='ltr'><strong>exusto</strong></span> <span class='ocrx_word' id='word_1_114' title='bbox 397 1570 531 1616; x_wconf 75' lang='lat' dir='ltr'><strong>remanebat</strong></span> <span class='ocrx_word' id='word_1_115' title='bbox 542 1568 619 1631; x_wconf 78' lang='lat' dir='ltr'><strong>stipite</strong></span> <span class='ocrx_word' id='word_1_116' title='bbox 629 1568 720 1628; x_wconf 83' lang='lat' dir='ltr'><strong>fumus,</strong></span> 
     </span>
     <span class='ocr_line' id='line_1_21' title="bbox 145 1628 663 1696; baseline 0.006 -19"><span class='ocrx_word' id='word_1_117' title='bbox 145 1628 179 1677; x_wconf 83' lang='lat' dir='ltr'><strong>Et</strong></span> <span class='ocrx_word' id='word_1_118' title='bbox 190 1630 247 1679; x_wconf 86' lang='lat' dir='ltr'><strong>cinis</strong></span> <span class='ocrx_word' id='word_1_119' title='bbox 258 1632 364 1681; x_wconf 76' lang='lat' dir='ltr'><strong>obductas</strong></span> <span class='ocrx_word' id='word_1_120' title='bbox 374 1632 463 1680; x_wconf 78' lang='lat' dir='ltr'><strong>celabat</strong></span> <span class='ocrx_word' id='word_1_121' title='bbox 473 1632 564 1680; x_wconf 89' lang='lat' dir='ltr'><strong>lumina</strong></span> <span class='ocrx_word' id='word_1_122' title='bbox 573 1648 663 1696; x_wconf 80' lang='lat' dir='ltr'><strong>pruma.</strong></span> 
     </span>
     <span class='ocr_line' id='line_1_22' title="bbox 145 1693 827 1761; baseline 0.007 -20"><span class='ocrx_word' id='word_1_123' title='bbox 145 1693 420 1761; x_wconf 84' lang='lat' dir='ltr'><strong>Admovethiapronam,</strong></span> <span class='ocrx_word' id='word_1_124' title='bbox 429 1697 545 1754; x_wconf 73' lang='lat' dir='ltr'><strong>submissi</strong></span> <span class='ocrx_word' id='word_1_125' title='bbox 551 1696 635 1757; x_wconf 80' lang='lat' dir='ltr'><strong>fronte,</strong></span> <span class='ocrx_word' id='word_1_126' title='bbox 643 1697 778 1759; x_wconf 83' lang='lat' dir='ltr'><strong>lucarnam,</strong></span> <span class='ocrx_word' id='word_1_127' title='bbox 795 1698 827 1746; x_wconf 88' lang='lat' dir='ltr'><strong>lo</strong></span> 
     </span>
     <span class='ocr_line' id='line_1_23' title="bbox 145 1758 693 1825; baseline 0.009 -20"><span class='ocrx_word' id='word_1_128' title='bbox 145 1758 180 1805; x_wconf 82' lang='lat' dir='ltr'><strong>Et</strong></span> <span class='ocrx_word' id='word_1_129' title='bbox 189 1760 296 1822; x_wconf 85' lang='lat' dir='ltr'><strong>producit</strong></span> <span class='ocrx_word' id='word_1_130' title='bbox 306 1776 350 1809; x_wconf 87' lang='lat' dir='ltr'><strong>acu</strong></span> <span class='ocrx_word' id='word_1_131' title='bbox 361 1768 458 1824; x_wconf 84' lang='lat' dir='ltr'><strong>stuppas</strong></span> <span class='ocrx_word' id='word_1_132' title='bbox 467 1761 566 1810; x_wconf 89' lang='lat' dir='ltr'><strong>humore</strong></span> <span class='ocrx_word' id='word_1_133' title='bbox 576 1770 693 1825; x_wconf 57' lang='lat' dir='ltr'><strong>carentem</strong></span> 
     </span>
     <span class='ocr_line' id='line_1_24' title="bbox 144 1822 729 1890; baseline 0.005 -19"><span class='ocrx_word' id='word_1_134' title='bbox 144 1822 240 1874; x_wconf 81' lang='lat' dir='ltr'><strong>Excitat</strong></span> <span class='ocrx_word' id='word_1_135' title='bbox 250 1834 274 1874; x_wconf 91' lang='lat' dir='ltr'><strong>et</strong></span> <span class='ocrx_word' id='word_1_136' title='bbox 283 1826 367 1874; x_wconf 83' lang='lat' dir='ltr'><strong>crebris</strong></span> <span class='ocrx_word' id='word_1_137' title='bbox 377 1824 528 1888; x_wconf 79' lang='lat' dir='ltr'><strong>languentem</strong></span> <span class='ocrx_word' id='word_1_138' title='bbox 537 1826 631 1875; x_wconf 85' lang='lat' dir='ltr'><strong>flatibus</strong></span> <span class='ocrx_word' id='word_1_139' title='bbox 640 1826 729 1890; x_wconf 86' lang='lat' dir='ltr'><strong>ignem.</strong></span> 
     </span>
     <span class='ocr_line' id='line_1_25' title="bbox 144 1887 719 1954; baseline 0.007 -19"><span class='ocrx_word' id='word_1_140' title='bbox 144 1887 253 1939; x_wconf 83' lang='lat' dir='ltr'><strong>Tandem</strong></span> <span class='ocrx_word' id='word_1_141' title='bbox 264 1899 373 1954; x_wconf 85' lang='lat' dir='ltr'><strong>concepto</strong></span> <span class='ocrx_word' id='word_1_142' title='bbox 383 1891 484 1939; x_wconf 81' lang='lat' dir='ltr'><strong>tenebrae</strong></span> <span class='ocrx_word' id='word_1_143' title='bbox 493 1890 585 1954; x_wconf 80' lang='lat' dir='ltr'><strong>fulgore</strong></span> <span class='ocrx_word' id='word_1_144' title='bbox 593 1891 719 1949; x_wconf 78' lang='lat' dir='ltr'><strong>recedunt3</strong></span> 
     </span>
     <span class='ocr_line' id='line_1_26' title="bbox 144 1950 773 2019; baseline 0.01 -20"><span class='ocrx_word' id='word_1_145' title='bbox 144 1950 308 2019; x_wconf 75' lang='lat' dir='ltr'><strong>Oppositbque</strong></span> <span class='ocrx_word' id='word_1_146' title='bbox 318 1970 390 2003; x_wconf 88' lang='lat' dir='ltr'><strong>mauu</strong></span> <span class='ocrx_word' id='word_1_147' title='bbox 400 1955 482 2003; x_wconf 89' lang='lat' dir='ltr'><strong>lumen</strong></span> <span class='ocrx_word' id='word_1_148' title='bbox 493 1955 596 2004; x_wconf 83' lang='lat' dir='ltr'><strong>defendit</strong></span> <span class='ocrx_word' id='word_1_149' title='bbox 606 1958 636 2005; x_wconf 86' lang='lat' dir='ltr'><strong>ab</strong></span> <span class='ocrx_word' id='word_1_150' title='bbox 646 1956 712 2013; x_wconf 75' lang='lat' dir='ltr'><strong>aura,</strong></span> <span class='ocrx_word' id='word_1_151' title='bbox 744 1977 748 1986; x_wconf 95' lang='lat'>·</span> <span class='ocrx_word' id='word_1_152' title='bbox 768 1962 773 1968; x_wconf 82' lang='lat'>&#39;</span> 
     </span>
     <span class='ocr_line' id='line_1_27' title="bbox 144 2016 825 2087; baseline 0.009 -23"><span class='ocrx_word' id='word_1_153' title='bbox 144 2016 181 2065; x_wconf 86' lang='lat' dir='ltr'><strong>Et&#39;</strong></span> <span class='ocrx_word' id='word_1_154' title='bbox 188 2028 272 2069; x_wconf 86' lang='lat' dir='ltr'><strong>reserat</strong></span> <span class='ocrx_word' id='word_1_155' title='bbox 284 2019 375 2081; x_wconf 83' lang='lat' dir='ltr'><strong>[clausa</strong></span> <span class='ocrx_word' id='word_1_156' title='bbox 385 2036 438 2084; x_wconf 83' lang='lat' dir='ltr'><strong>quae</strong></span> <span class='ocrx_word' id='word_1_157' title='bbox 447 2020 566 2084; x_wconf 74' lang='lat' dir='ltr'><strong>providet,</strong></span> <span class='ocrx_word' id='word_1_158' title='bbox 577 2022 636 2070; x_wconf 83' lang='lat' dir='ltr'><strong>ostia</strong></span> <span class='ocrx_word' id='word_1_159' title='bbox 646 2022 728 2087; x_wconf 67' lang='lat' dir='ltr'><strong>clavi}</strong></span> <span class='ocrx_word' id='word_1_160' title='bbox 792 2023 825 2071; x_wconf 79' lang='lat'><strong>15</strong></span> 
     </span>
     <span class='ocr_line' id='line_1_28' title="bbox 178 2083 726 2149; baseline 0.004 -16"><span class='ocrx_word' id='word_1_161' title='bbox 178 2084 257 2133; x_wconf 78' lang='lat' dir='ltr'><strong>rusus</strong></span> <span class='ocrx_word' id='word_1_162' title='bbox 268 2094 316 2144; x_wconf 80' lang='lat' dir='ltr'><strong>erat</strong></span> <span class='ocrx_word' id='word_1_163' title='bbox 326 2084 387 2133; x_wconf 72' lang='lat' dir='ltr'><strong>terri.</strong></span> <span class='ocrx_word' id='word_1_164' title='bbox 396 2083 509 2133; x_wconf 80' lang='lat' dir='ltr'><strong>frumenti</strong></span> <span class='ocrx_word' id='word_1_165' title='bbox 518 2101 608 2149; x_wconf 82' lang='lat' dir='ltr'><strong>pauper</strong></span> <span class='ocrx_word' id='word_1_166' title='bbox 617 2101 726 2135; x_wconf 72' lang='lat' dir='ltr'><strong>murus:</strong></span> 
     </span>
     <span class='ocr_line' id='line_1_29' title="bbox 144 2149 747 2215; baseline 0.002 -16"><span class='ocrx_word' id='word_1_167' title='bbox 144 2151 209 2199; x_wconf 83' lang='lat' dir='ltr'><strong>Hinc</strong></span> <span class='ocrx_word' id='word_1_168' title='bbox 219 2149 264 2197; x_wconf 91' lang='lat' dir='ltr'><strong>sibi</strong></span> <span class='ocrx_word' id='word_1_169' title='bbox 274 2149 389 2215; x_wconf 87' lang='lat' dir='ltr'><strong>depromit</strong></span> <span class='ocrx_word' id='word_1_170' title='bbox 399 2158 516 2213; x_wconf 90' lang='lat' dir='ltr'><strong>quantum</strong></span> <span class='ocrx_word' id='word_1_171' title='bbox 525 2166 634 2199; x_wconf 81' lang='lat' dir='ltr'><strong>mensura</strong></span> <span class='ocrx_word' id='word_1_172' title='bbox 643 2152 747 2215; x_wconf 75' lang='lat' dir='ltr'><strong>patebat,</strong></span> 
     </span>
     <span class='ocr_line' id='line_1_30' title="bbox 143 2213 704 2278; baseline 0.005 -16"><span class='ocrx_word' id='word_1_173' title='bbox 143 2214 206 2273; x_wconf 73' lang='lat' dir='ltr'><strong>Quo</strong></span> <span class='ocrx_word' id='word_1_174' title='bbox 215 2213 252 2261; x_wconf 88' lang='lat' dir='ltr'><strong>bis</strong></span> <span class='ocrx_word' id='word_1_175' title='bbox 262 2214 288 2261; x_wconf 89' lang='lat' dir='ltr'><strong>in</strong></span> <span class='ocrx_word' id='word_1_176' title='bbox 298 2223 393 2262; x_wconf 87' lang='lat' dir='ltr'><strong>octonas</strong></span> <span class='ocrx_word' id='word_1_177' title='bbox 403 2214 504 2262; x_wconf 84' lang='lat' dir='ltr'><strong>excurrit</strong></span> <span class='ocrx_word' id='word_1_178' title='bbox 513 2215 615 2278; x_wconf 87' lang='lat' dir='ltr'><strong>pondere</strong></span> <span class='ocrx_word' id='word_1_179' title='bbox 624 2217 704 2266; x_wconf 77' lang='lat' dir='ltr'><strong>libras.</strong></span> 
     </span>
     <span class='ocr_line' id='line_1_31' title="bbox 143 2277 750 2344; baseline 0.01 -19"><span class='ocrx_word' id='word_1_180' title='bbox 143 2277 204 2325; x_wconf 87' lang='lat' dir='ltr'><strong>Inde</strong></span> <span class='ocrx_word' id='word_1_181' title='bbox 214 2277 271 2334; x_wconf 89' lang='lat' dir='ltr'><strong>abit,</strong></span> <span class='ocrx_word' id='word_1_182' title='bbox 282 2278 414 2342; x_wconf 75' lang='lat' dir='ltr'><strong>assistitque</strong></span> <span class='ocrx_word' id='word_1_183' title='bbox 424 2279 508 2337; x_wconf 56' lang='lat' dir='ltr'><strong>molan</strong></span> <span class='ocrx_word' id='word_1_184' title='bbox 525 2279 644 2344; x_wconf 69' lang='lat' dir='ltr'><strong>parcique</strong></span> <span class='ocrx_word' id='word_1_185' title='bbox 653 2281 750 2341; x_wconf 67' lang='lat' dir='ltr'><strong>abella,</strong></span> 
     </span>
     <span class='ocr_line' id='line_1_32' title="bbox 143 2340 825 2406; baseline 0.015 -20"><span class='ocrx_word' id='word_1_186' title='bbox 143 2340 224 2399; x_wconf 87' lang='lat' dir='ltr'><strong>Quam</strong></span> <span class='ocrx_word' id='word_1_187' title='bbox 235 2340 308 2389; x_wconf 82' lang='lat' dir='ltr'><strong>fixam</strong></span> <span class='ocrx_word' id='word_1_188' title='bbox 318 2342 394 2403; x_wconf 78' lang='lat' dir='ltr'><strong>paries</strong></span> <span class='ocrx_word' id='word_1_189' title='bbox 404 2342 457 2391; x_wconf 81' lang='lat' dir='ltr'><strong>illos</strong></span> <span class='ocrx_word' id='word_1_190' title='bbox 467 2346 573 2392; x_wconf 68' lang='lat' dir='ltr'><strong>servabm</strong></span> <span class='ocrx_word' id='word_1_191' title='bbox 581 2344 608 2391; x_wconf 91' lang='lat' dir='ltr'><strong>in</strong></span> <span class='ocrx_word' id='word_1_192' title='bbox 617 2361 683 2406; x_wconf 84' lang='lat' dir='ltr'><strong>usus,</strong></span> <span class='ocrx_word' id='word_1_193' title='bbox 787 2350 825 2396; x_wconf 70' lang='lat'><strong>2⁰</strong></span> 
     </span>
     <span class='ocr_line' id='line_1_33' title="bbox 143 2404 760 2469; baseline 0.019 -19"><span class='ocrx_word' id='word_1_194' title='bbox 143 2404 247 2451; x_wconf 72' lang='lat' dir='ltr'><strong>[rumina</strong></span> <span class='ocrx_word' id='word_1_195' title='bbox 257 2404 304 2451; x_wconf 86' lang='lat' dir='ltr'><strong>fide</strong></span> <span class='ocrx_word' id='word_1_196' title='bbox 313 2406 389 2453; x_wconf 83' lang='lat' dir='ltr'><strong>locatr</strong></span> <span class='ocrx_word' id='word_1_197' title='bbox 398 2448 399 2451; x_wconf 72' lang='grc'>,</span> <span class='ocrx_word' id='word_1_198' title='bbox 407 2407 513 2469; x_wconf 82' lang='lat' dir='ltr'><strong>geminos</strong></span> <span class='ocrx_word' id='word_1_199' title='bbox 523 2417 579 2456; x_wconf 90' lang='lat' dir='ltr'><strong>tunc</strong></span> <span class='ocrx_word' id='word_1_200' title='bbox 589 2418 653 2459; x_wconf 83' lang='lat' dir='ltr'><strong>veste</strong></span> <span class='ocrx_word' id='word_1_201' title='bbox 661 2410 760 2461; x_wconf 84' lang='lat' dir='ltr'><strong>laoartos</strong></span> 
     </span>
     <span class='ocr_line' id='line_1_34' title="bbox 142 2468 682 2537; baseline 0.019 -24"><span class='ocrx_word' id='word_1_202' title='bbox 142 2468 237 2515; x_wconf 78' lang='lat' dir='ltr'><strong>Liberat</strong></span> <span class='ocrx_word' id='word_1_203' title='bbox 244 2483 252 2524; x_wconf 71' lang='grc' dir='ltr'><strong>ς</strong></span> <span class='ocrx_word' id='word_1_204' title='bbox 270 2476 293 2515; x_wconf 88' lang='lat' dir='ltr'><strong>et</strong></span> <span class='ocrx_word' id='word_1_205' title='bbox 303 2468 392 2517; x_wconf 85' lang='lat' dir='ltr'><strong>cinctus</strong></span> <span class='ocrx_word' id='word_1_206' title='bbox 403 2470 492 2520; x_wconf 78' lang='lat' dir='ltr'><strong>villosae</strong></span> <span class='ocrx_word' id='word_1_207' title='bbox 500 2481 591 2535; x_wconf 81' lang='lat' dir='ltr'><strong>tergore</strong></span> <span class='ocrx_word' id='word_1_208' title='bbox 600 2489 682 2537; x_wconf 83' lang='lat' dir='ltr'><strong>caprae,</strong></span> 
     </span>
     <span class='ocr_line' id='line_1_35' title="bbox 142 2530 742 2601; baseline 0.022 -25"><span class='ocrx_word' id='word_1_209' title='bbox 142 2530 264 2579; x_wconf 78' lang='lat' dir='ltr'><strong>Praeverrit</strong></span> <span class='ocrx_word' id='word_1_210' title='bbox 274 2531 349 2578; x_wconf 69' lang='lat' dir='ltr'><strong>caudi</strong></span> <span class='ocrx_word' id='word_1_211' title='bbox 359 2533 433 2581; x_wconf 84' lang='lat' dir='ltr'><strong>silices</strong></span> <span class='ocrx_word' id='word_1_212' title='bbox 443 2537 607 2601; x_wconf 80' lang='lat' dir='ltr'><strong>gremiumque</strong></span> <span class='ocrx_word' id='word_1_213' title='bbox 617 2540 742 2589; x_wconf 84' lang='lat' dir='ltr'><strong>molarum.</strong></span> 
     </span>
     <span class='ocr_line' id='line_1_36' title="bbox 140 2592 750 2667; baseline 0.025 -28"><span class='ocrx_word' id='word_1_214' title='bbox 140 2592 249 2642; x_wconf 84' lang='lat' dir='ltr'><strong>Advooet</strong></span> <span class='ocrx_word' id='word_1_215' title='bbox 259 2595 313 2642; x_wconf 89' lang='lat' dir='ltr'><strong>iude</strong></span> <span class='ocrx_word' id='word_1_216' title='bbox 323 2610 408 2645; x_wconf 79' lang='lat' dir='ltr'><strong>manus</strong></span> <span class='ocrx_word' id='word_1_217' title='bbox 419 2600 492 2662; x_wconf 87' lang='lat' dir='ltr'><strong>operi,</strong></span> <span class='ocrx_word' id='word_1_218' title='bbox 504 2601 605 2664; x_wconf 80' lang='lat' dir='ltr'><strong>partitus</strong></span> <span class='ocrx_word' id='word_1_219' title='bbox 615 2603 750 2667; x_wconf 86' lang='lat' dir='ltr'><strong>utrimque:</strong></span> 
     </span>
    </p>
   </div>
   <div class='ocr_carea' id='block_1_5' title="bbox 0 0 950 2917">
    <p class='ocr_par' dir='ltr' id='par_1_5' title="bbox 0 0 950 2917">
     <span class='ocr_line' id='line_1_37' title="bbox 0 0 950 2917; baseline 0 1"><span class='ocrx_word' id='word_1_220' title='bbox 0 0 950 2917; x_wconf 95' lang='lat' dir='ltr'><strong> </strong></span> 
     </span>
    </p>
   </div>
  </div>
 </body>
</html>
