1892 2917
145 77 194 125 312
360 74 483 123 AENEIS.
499 73 533 123 X·
551 74 605 129 667.

145 204 180 253 Et
190 202 293 268 duplices
301 217 355 253 cum
363 218 418 253 voce
426 218 511 251 manus
521 202 636 251 adsidere
645 200 734 250 tendit:
769 202 823 258 667

145 268 301 331 Omnipotens
311 268 416 325 Genitor,
428 268 517 315 tanton'
528 283 567 315 me
581 267 676 315 crimine
685 267 787 329 dignum

146 332 251 391 Duxisti,
263 342 286 380 et
296 333 353 381 tales
363 332 455 381 voluisti
465 333 594 396 expendere
603 334 702 396 peenas?

146 397 203 456 Quo
208 397 285 446 feror?
296 397 358 445 unde
365 397 427 445 abii?
439 396 824 461 quaemefugaquemveredueet?

146 462 304 511 Laurentems
313 461 397 510 itemm
408 476 487 509 muros
498 470 540 509 aut
550 471 623 510 casua
633 460 737 509 videbo?
771 462 822 516 671

146 526 213 585 Quid
220 542 304 575 manus
311 526 352 574 illa
360 526 443 585 virum,
452 526 495 589 qni
504 542 544 574 me
550 541 720 589 meaquearme
727 524 823 573 secuti?

147 592 260 656 Quosque
271 590 357 656 (nefas)
369 604 449 638 omnes
458 590 554 637 infandi
565 591 590 638 in
600 598 674 638 morte
684 590 770 653 reliqui
776 607 786 648 ;

146 658 181 706 Et
190 672 253 705 nunc
263 656 366 721 palmites
376 653 451 714 video,
462 655 622 718 gemitumque
630 654 755 702 cadentum

147 721 252 785 Accipio.
268 720 334 780 Quid
343 722 405 783 ogo?
422 728 463 766 eut
470 736 524 782 quae
532 721 583 780 jam
594 720 650 767 satis
659 718 709 766 ima
716 718 826 767 dehiscat

148 786 222 835 Terra
231 786 309 834 mihil
326 800 375 843 vos,
386 799 408 843 o,
421 783 499 847 potius
507 784 653 843 miserescite,
665 784 728 831 venti
737 784 744 830 l
771 784 805 839 67
807 786 824 832 6

148 852 179 899 In
189 866 267 915 rupes,
279 850 303 897 in
315 865 371 897 sexa
382 848 471 912 (volens
482 864 523 896 vos
533 848 630 896 Turnus
639 846 721 908 adoro)

148 915 217 964 Ferte
227 924 308 975 ratem,
317 913 429 977 saevisque
439 912 504 961 vadis
511 912 631 960 inmittite
640 912 723 976 Syrtis,

58 1040 60 1043 Ι
149 980 205 1039 Quo
215 994 290 1043 neque
299 994 338 1027 me
349 978 443 1036 Rutuli,
455 992 498 1025 nec
508 977 597 1026 conscia
608 977 672 1025 fama
682 986 804 1041 sequatm.

149 1044 209 1092 Haec
217 1058 355 1103 memorans,
362 1042 441 1091 animo
447 1057 511 1103 nunc
517 1042 572 1101 huc,
578 1057 640 1090 nunc
647 1043 745 1090 fluctuet
750 1042 825 1101 illuc;

149 1109 191 1157 Αιι
200 1124 247 1156 sese
257 1122 366 1157 mucrone
373 1110 404 1156 ob
412 1115 504 1155 tantum
514 1107 612 1166 dedecus
622 1121 702 1155 amens
771 1108 822 1154 681

150 1172 246 1231 Induat,
258 1183 281 1220 et
290 1172 388 1220 crudum
398 1187 440 1235 per
450 1180 523 1219 costas
533 1172 612 1234 exigat
622 1186 714 1230 ensem;

151 1237 272 1288 Fluctibus
283 1251 313 1284 an
322 1238 392 1298 jaciat
402 1235 493 1295 mediis,
502 1245 525 1283 et
535 1236 603 1283 litora
612 1236 690 1283 nando

67 1320 70 1324 ·
151 1302 230 1350 Curva
240 1309 312 1365 petat,
325 1302 489 1363 Teucrumque
498 1300 827 1349 iterumsereddatinarma.
928 1309 929 1342 ἰ

153 1368 201 1415 Ter
212 1376 307 1415 conatus
317 1373 439 1429 utramque
447 1365 524 1413 mam:
537 1373 571 1413 ter
581 1364 685 1412 maxima
694 1367 762 1413 June
772 1366 826 1413 685

152 1432 287 1487 Continuit3
302 1431 465 1493 juvenemque,
477 1429 550 1477 animi
559 1430 677 1488 miserata,
687 1429 807 1492 repressit.

152 1497 252 1545 Labitur
262 1496 309 1543 alte
319 1510 396 1542 secans
405 1494 524 1557 fluctuque
534 1502 638 1559 aestuque
647 1493 764 1543 secundet
822 1522 833 1532 ·-

151 1561 186 1609 Et
196 1560 267 1625 patris
278 1558 397 1622 antiquam
408 1558 489 1605 Dauni
499 1558 601 1607 defertur
610 1559 641 1606 ad
650 1561 740 1606 urbem.

184 1626 221 1673 At
231 1624 298 1674 Jovis
308 1623 394 1671 interea
404 1622 498 1670 monitis
509 1623 642 1671 Mezentius
652 1623 734 1671 ardeus

153 1688 259 1739 Succedit
269 1703 362 1753 pugne,
374 1687 523 1750 Teucrosque
531 1687 621 1735 invadit
630 1698 730 1736 ovantes.
775 1688 830 1738 696

153 1755 301 1802 Concurrunt
311 1751 439 1815 Tyrrhena
449 1752 517 1811 acies,
527 1761 598 1816 etque
607 1753 716 1800 omuibus
724 1752 776 1812 uni,

153 1820 204 1867 Uni
214 1818 319 1882 odiisque
330 1817 379 1865 viro
389 1816 486 1880 telisque
495 1817 656 1881 frequentibus
664 1817 759 1866 instant.

154 1884 200 1933 Ille
211 1884 285 1938 (velut
293 1897 370 1945 rupes,
382 1890 473 1929 vastum
483 1897 536 1944 quie
545 1882 623 1944 prodit
631 1882 657 1929 in
667 1897 754 1946 equor,

153 1949 232 1997 Obvia
241 1956 363 1997 rentomm
373 1946 448 2004 furiis,
459 1947 601 2010 expdstaque
610 1954 690 2010 ponto,
778 1946 832 1997 694

155 2014 214 2062 Vim
225 2021 332 2062 cunctam
340 2019 410 2075 atque
417 2010 493 2058 minas
501 2011 587 2072 perfert
594 2011 691 2075 coelique
700 2010 831 2075 mar'mque,

156 2077 217 2140 Ipse'
223 2078 320 2126 immota
330 2073 437 2137 maneas)
449 2074 539 2138 prolem
549 2075 700 2123 Dolichaonis
711 2076 826 2125 Hebrum

156 2142 245 2191 Sternit
254 2142 329 2201 humi,
341 2155 395 2190 cum
406 2154 453 2203 quo
469 2138 598 2203 latagum,
615 2140 774 2205 Palmumque
789 2141 832 2190 fu-

253 2222 348 2269 gaoemr

156 2271 203 2320 Sed
211 2272 329 2334 Latagum
339 2285 395 2319 saxo
405 2277 475 2334 atque
485 2268 574 2332 ingenti
583 2268 699 2332 fragmine
708 2270 797 2319 montis

157 2336 264 2399 Occupat
274 2351 299 2383 os
309 2335 438 2398 faciemque
448 2335 583 2383 advenam:
600 2336 688 2399 poplite
698 2335 815 2384 Palmum

157 2399 249 2447 Succiso
260 2400 322 2447 volvi
331 2414 425 2461 segnem
435 2400 504 2457 sinim
522 2414 633 2463 armaque
643 2400 723 2448 Irauso
776 2400 832 2455 700

152 2462 237 2511 ·Donat
247 2464 332 2511 habere
342 2463 455 2523 humeris,
466 2471 490 2511 et
500 2464 584 2511 vertice
668 2465 761 2513 cristes.

157 2527 183 2574 N
184 2541 255 2575 eonon
262 2526 388 2575 Euanthen
399 2526 539 2591 Phrygium,
551 2527 606 2575 Pari
623 2528 629 2539 '
658 2544 687 2576 ue
697 2528 822 2579 Mimanta

156 2590 189 2637 AE
207 2591 284 2639 uelem
294 2590 463 2654 comitemquc;
480 2592 530 2639 uni
539 2608 610 2655 qua
619 2600 687 2641 nocte
698 2593 800 2642 Theano
834 2610 839 2618 ·

156 2606 274 2704 Inlueem
284 2654 382 2719 genitori
393 2656 487 2719 Amyco
497 2655 569 2716 dedit,
581 2665 604 2705 et
614 2656 664 2705 fase
673 2672 797 2721 pregnans
