1892 2917
168 93 217 142 ³0!
381 88 506 139 mltum.
521 88 554 136 X.
571 88 629 137 200.

168 218 313 283 languentia
360 214 788 281 agi,etbrerihueaecretlereealtu;

168 284 214 333 Per
224 298 299 331 remos
332 283 356 330 ii.
373 282 509 359 Speculatus
519 282 588 329 litora
599 281 700 339 Tarcho,
795 283 848 330 200

168 348 225 407 Qui
235 348 294 396 vada
304 362 349 395 non
361 355 457 411 spirent,
468 361 510 395 nec
520 347 594 394 fracta
602 354 758 393 remurmurat
769 346 849 405 unda,

168 413 215 461 Sed
226 428 289 461 mare
299 412 437 461 inoffensum
448 411 556 459 crescenti
566 411 676 458 allabimr
686 419 753 470 natu,

168 477 279 525 Advertit
290 476 365 526 subito
375 482 462 539 pictae,
474 476 594 539 sociosque
602 484 724 539 precatura

169 542 249 601 Nunc,
261 543 344 590 olecta
355 556 446 599 manue,
458 540 540 589 validis
550 540 678 588 incumbite
687 539 776 601 remie;

169 607 265 667 Tollite,
277 608 334 655 ferte
344 615 419 661 retest
435 605 555 653 inimicam
565 604 646 651 tindite
656 604 735 651 metria
794 607 849 654 29⁵

170 670 240 720 Hanc
251 682 343 731 terrem,
355 672 492 734 sulcumque
502 669 546 717 eibi
556 676 646 731 premat
655 668 707 731 ipra
715 668 805 717 meina.
882 666 887 675 '

168 736 284 801 Frangere
295 750 336 784 nee
347 736 388 783 tali
398 734 498 799 puppim
508 736 607 781 atatim
617 748 705 792 recurro,
770 774 776 782 .

169 801 272 865 Arrepti
281 802 363 849 tellure
373 800 450 848 semel.
468 798 530 858 Quae
540 798 596 845 talia
605 807 729 861 postquam

170 864 263 913 Effatue
274 864 375 923 Tarcho,
387 864 441 912 eonii
452 878 587 925 coneurgme
597 862 679 917 tonna,

169 931 355 993 spumantesque
362 938 423 977 rates
433 928 494 976 arvia
504 928 588 975 inferre
598 926 698 984 Latinis,
796 929 851 978 300

169 993 252 1042 Donec
262 1002 335 1041 rostra
345 1002 423 1042 tenent
433 993 528 1051 uocum,
539 1001 564 1040 et
573 992 652 1041 redere
662 991 746 1039 enne

170 1058 259 1107 Omnes
270 1058 388 1106 innocuaer
406 1058 446 1106 eetl
456 1072 504 1105 non
514 1056 600 1121 puppis
609 1064 658 1115 tua,
671 1056 780 1115 Tarch03

170 1124 289 1186 Namque,
300 1122 388 1171 inflicta
397 1122 470 1179 vadis,
478 1122 545 1169 deren
555 1122 613 1169 dum
624 1120 710 1183 pendet
719 1120 813 1185 iniquo,

169 1188 265 1249 Ancepe
276 1196 402 1235 ructenteta
411 1186 461 1246 diu,
473 1185 603 1248 fluctusque
613 1185 704 1249 fatigat,

113 1269 119 1275 ·
170 1251 281 1312 Solvitur,
291 1261 361 1315 atque
371 1252 431 1300 virne
441 1250 524 1298 mediis
534 1250 630 1311 exponit
639 1250 664 1297 in
674 1249 761 1307 ondin
797 1248 851 1299 305

171 1316 298 1379 Fregmina
308 1330 424 1364 remomm
435 1331 494 1380 quoe
505 1324 528 1363 et
538 1315 654 1362 fluitantia
663 1323 763 1362 menstra

172 1380 318 1445 Impediunt,
328 1380 469 1443 retrahitque
480 1380 563 1443 pedem
574 1379 647 1426 ehnul
656 1379 720 1427 unda
730 1380 851 1429 relabens

189 1483 192 1488 .
203 1444 228 1493 N
230 1461 255 1494 ec
267 1446 376 1493 Turnum
388 1445 463 1507 segnis
475 1444 556 1493 retinet
566 1458 649 1501 mora;
666 1443 706 1492 aed
721 1444 785 1506 rapit
794 1460 853 1495 acer

164 1510 258 1558 liccam
268 1509 341 1559 aciem
351 1510 375 1557 in
387 1510 499 1569 Teucros,
510 1518 534 1557 et
544 1517 623 1557 contra
632 1510 658 1556 in
667 1509 734 1556 litore
743 1508 813 1557 aiatit.

171 1575 243 1638 Signa
253 1582 346 1623 canunt.
366 1574 459 1622 Primus
469 1582 560 1621 turmae
569 1574 654 1622 invasit
664 1582 763 1636 agrestes
795 1575 851 1623 310

67 1638 70 1643 ’
171 1640 268 1698 AEneee,
279 1652 347 1687 omen
359 1653 452 1702 pugne,
464 1639 590 1702 stmvitque
601 1639 707 1697 Latinos,

171 1703 254 1751 Occiso
266 1704 382 1763 Therone,
393 1703 468 1751 virum
479 1703 521 1767 qui
530 1702 648 1751 maximus
658 1704 719 1750 ultro

171 1766 263 1816 AEneen
274 1768 346 1831 petite
363 1768 418 1816 huic
428 1768 506 1831 gladio
515 1782 603 1831 perque
613 1783 673 1815 terea
682 1775 743 1826 suta,

172 1833 218 1880 Per
228 1833 330 1880 tunicam
341 1834 484 1896 squalentem
495 1848 561 1889 auro,
568 1833 629 1879 latur
639 1831 718 1880 haurit
727 1840 850 1895 eperum.

171 1896 232 1945 Inde
243 1898 332 1945 Lichan
343 1896 406 1955 ferit,
416 1906 534 1945 exsectum
543 1899 593 1958 jam
603 1906 678 1945 matre
687 1898 802 1961 penum,

171 1961 205 2009 Et
215 1962 267 2019 tibi,
277 1962 371 2020 phebe,
383 1976 483 2021 eaerum,
492 1978 558 2009 maus
568 1961 664 2011 madere
674 1962 729 2009 ferri
794 1964 852 2012 316

172 2025 243 2084 Quod
253 2026 320 2074 licuit
329 2042 408 2090 perro.
424 2028 476 2075 Nec
484 2027 562 2089 longe,
572 2026 651 2074 Ciaeea
661 2026 756 2085 domm,

172 2089 351 2155 immanemque
362 2092 440 2155 Gyan,
451 2094 578 2139 aternent'ee
587 2091 682 2153 agmina
691 2091 766 2151 clari,

171 2153 263 2215 DeJecit
273 2154 333 2204 letor
351 2156 410 2203 nihil
420 2156 472 2203 illoe
483 2155 592 2204 Herculia
604 2170 678 2215 arma,

170 2219 223 2267 Nec
234 2220 315 2268 valide
323 2222 405 2282 juvere
414 2234 507 2279 manue,
518 2221 653 2284 genitorque
664 2221 811 2286 Melampus,

170 2284 263 2333 Alcide
273 2300 349 2334 comer
359 2300 443 2350 usque,
452 2302 533 2349 graver
540 2298 594 2334 cum
604 2294 665 2334 terra
673 2286 762 2335 laborer
796 2290 850 2339 321

171 2349 282 2397 Praebuit.
307 2350 368 2398 Ecce
379 2350 466 2408 Pham,
477 2365 544 2399 voees
554 2350 611 2397 dum
620 2351 692 2411 jactat
701 2350 796 2414 inerter,

170 2412 311 2476 Interquens
319 2415 434 2474 jaculum,
446 2414 556 2463 clamanti
566 2414 627 2462 aiath
636 2416 661 2462 in
667 2430 714 2463 ore.

116 2526 119 2535 Δ
171 2474 211 2522 'l'u
222 2492 324 2540 quoque,
334 2478 456 2526 flaventem
466 2478 544 2542 prima
553 2479 665 2542 lanugine
674 2480 748 2529 malae

170 2538 238 2587 Dum
287 2542 349 2589 neria
359 2542 465 2605 Clytium
475 2543 566 2605 mielix,
577 2558 638 2592 nova
647 2544 741 2607 gaudia,
750 2544 852 2611 cydon,

170 2556 291 2654 amoq
299 2614 385 2654 enanu
393 2607 486 2666 eleana
498 2609 604 2672 (aemma
613 2624 728 2669 amorum,
796 2612 853 2660 820
