1892 2917
149 116 196 172 1⁷⁰
358 98 484 164 AE'rssrsss
503 113 549 164 rv.
566 115 622 162 rer.

146 246 203 309 Non
212 245 263 306 jorn
273 246 409 309 conjuginm
419 245 552 310 antiquum,
561 243 625 310 qnod
636 243 746 308 prodidit,
757 257 814 304 oro;

146 310 198 358 Nec
208 310 307 372 pulchro
316 319 345 358 ut
355 311 425 363 letio
436 319 520 371 cureat,
532 324 678 374 regnumque
693 309 824 384 relinquere

147 374 253 438 Tempus
263 375 333 424 inune
343 384 405 439 peto,
417 377 521 439 requiem
533 375 682 438 spatiumque
692 375 781 432 lurorre

145 437 214 487 Imm
224 456 278 488 mee
286 456 325 488 me
336 442 421 490 victum
431 440 511 488 doceat
520 439 614 488 fortuna
625 439 709 488 dolere.
762 445 764 450 '

146 504 285 553 Extremam
295 506 356 554 huno
366 522 407 554 oro
417 505 509 555 venium
519 505 636 570 (miserere
641 503 740 578 'sproris)
748 521 757 562 ;
775 504 823 551 435

147 568 229 628 Quem
244 570 304 618 mibi
321 586 376 620 cum
391 570 490 632 dederis,
501 570 647 619 cumulatam
656 577 731 618 morte
741 569 823 616 remit-

180 697 281 748 'I'elibus
291 702 380 762 orabct,
392 701 496 766 talesque
506 699 636 748 miserrime
646 699 714 748 fletus

146 763 249 827 Fertque
259 765 373 830 refertque
383 782 453 814 soror.
471 765 518 814 Sed
528 765 599 813 nullis
610 764 650 812 ille
660 771 770 813 movetur

146 828 260 890 Fletibus,
272 839 314 878 eut
324 846 390 879 voces
401 831 461 878 ullm
471 829 598 880 tractabilis
608 829 690 877 audit:
773 828 822 880 439

146 893 207 941 Feta
217 896 318 949 obstant,
329 895 479 961 placidasque
490 896 533 944 viri
543 895 610 942 Deus
621 894 721 942 obstruit
730 909 805 942 eures.

145 957 186 1006 Ao
196 959 268 1017 velut,
277 974 364 1008 ennom
374 961 476 1008 validum
487 975 542 1008 cum
552 962 633 1008 robore
644 973 758 1022 quercum

145 1022 231 1086 Alpini
241 1025 324 1072 Borcae
334 1039 397 1073 nunc
406 1025 462 1074 hinc
472 1040 536 1074 nunc
546 1025 639 1073 fletibus
649 1023 715 1072 illinc

145 1087 236 1136 Emere
246 1088 306 1137 inter
317 1104 342 1138 se
352 1098 454 1139 certant:
471 1091 492 1138 it
502 1090 600 1147 stridon
618 1096 641 1136 et
651 1088 698 1136 ulte

146 1151 303 1202 consternunt
313 1163 398 1204 terrem
409 1169 518 1204 concusso
530 1155 608 1218 stipite
617 1152 725 1209 frondes:
774 1153 822 1201 444

146 1216 204 1280 Ipse
213 1217 285 1268 haeret
295 1221 412 1284 soopulim
430 1228 461 1281 et,
473 1228 590 1284 quantum
600 1218 684 1268 vertice
697 1217 727 1265 ed
738 1233 807 1267 eurus

148 1281 278 1344 AEtherms,
290 1293 381 1332 tentum
392 1284 469 1333 redice
479 1285 505 1332 in
517 1284 616 1334 Tartara
626 1282 714 1331 tendit:

147 1345 221 1395 Haud
232 1365 297 1398 secus
307 1349 404 1398 assiduis
414 1349 469 1397 hinc
480 1359 551 1414 etque
560 1349 616 1397 hinc
626 1347 799 1418 vocibus'heros

146 1411 275 1474 Tundiuu,
287 1424 310 1463 et
319 1429 406 1478 magno
415 1415 526 1478 persentit
535 1425 626 1479 pectore
636 1427 709 1460 cures.

145 1475 217 1526 Meus
228 1480 326 1528 immota
335 1487 429 1539 menet3
446 1479 555 1544 lecrymae
565 1478 691 1528 volvuntur
700 1477 788 1526 inerim

180 1543 245 1591 Tum
256 1560 309 1593 vero
319 1545 410 1601 infelix,
419 1544 472 1592 fetis
483 1544 600 1605 exterrita,
611 1542 676 1592 Dido
773 1544 823 1590 454)

148 1606 253 1656 Mortem
265 1619 331 1666 oret;
347 1609 416 1657 tedet
427 1610 478 1658 coeli
488 1624 591 1657 convexa
602 1607 668 1656 tueri.

147 1671 204 1731 Quo
213 1673 288 1736 magis
298 1673 417 1736 inceptum
427 1684 532 1738 peraget,
542 1675 666 1737 lucemque
676 1672 801 1738 relinquet,

147 1736 225 1797 Vidit,
237 1737 383 1786 thuricremis
393 1753 448 1787 curn
459 1739 521 1788 done
531 1739 659 1803 imponeret
669 1737 723 1797 eris,

147 1801 311 1864 (Horrendum
321 1802 396 1862 dictu)
407 1803 487 1852 latices
497 1804 623 1868 nigrescere
634 1818 718 1864 sacros,

146 1866 256 1930 Fuseque
266 1867 291 1914 in
302 1869 435 1916 obsroenum
446 1883 470 1916 se
481 1879 567 1917 vertere
577 1869 632 1918 vine
643 1882 756 1919 eruorem.
773 1867 820 1916 455

146 1930 200 1979 Ηοο
211 1932 287 1980 visum
299 1933 367 1993 nulli,
376 1932 442 1979 noni
470 1933 476 1944 “
489 1933 557 1981 etl'uta
567 1933 646 1982 sorori.

146 1993 262 2044 Preteree
272 1996 318 2045 sirit
327 1997 352 2044 in
363 1997 428 2046 tectis
478 2013 593 2047 memore
606 1996 723 2061 templum

146 2060 261 2124 conjugis
271 2061 371 2126 antiqui,
381 2061 442 2111 miro
452 2062 517 2127 quod
526 2062 614 2111 honore
624 2063 721 2124 colebat,

145 2125 279 2175 Velleribus
289 2126 362 2175 niveis
372 2135 395 2175 et
405 2127 463 2176 festi
473 2127 555 2176 fronde
565 2128 694 2176 revinctum
702 2145 709 2176 r

146 2189 211 2237 Hinc
221 2190 327 2239 exaudiri
337 2207 404 2241 vocer
414 2201 437 2240 et
447 2194 518 2241 verbu
528 2193 631 2241 vocantis
772 2193 820 2242 460

144 2254 204 2302 Vise
214 2254 267 2316 viri,
278 2270 325 2303 nox
336 2271 391 2304 cum
402 2265 473 2305 terres
484 2259 581 2306 obscure
591 2265 691 2318 teneret;

145 2319 246 2382 Solaque
256 2320 397 2370 culminibus
407 2320 473 2370 ferali
484 2322 585 2370 carmine
593 2324 658 2371 bubo

39 2418 41 2424 ,
145 2383 212 2447 Saepe
224 2384 299 2447 queri,
311 2394 334 2432 et
343 2385 425 2449 longus
434 2386 459 2433 in
470 2387 553 2436 fletum
563 2387 647 2435 ducere
657 2402 731 2436 voces.

145 2447 272 2512 Multaque
282 2458 391 2511 pretereo
400 2459 481 2499 vetum
492 2451 601 2515 predicte
613 2449 731 2516 [piorum]
759 2486 761 2492 ·
772 2451 820 2501 464

145 2513 256 2561 Terribili
266 2513 357 2561 monitu
367 2514 506 2564 horriflomrt.
523 2515 585 2580 Agit
594 2515 644 2580 ipse
653 2517 769 2565 furentem

144 2577 176 2624 In
187 2577 273 2627 somnis
283 2577 345 2627 ferus
353 2579 455 2628 AEnecs:
475 2595 612 2644 semperque
622 2581 723 2645 relinqui

145 2641 201 2691 Sole
211 2643 264 2705 sibi,
276 2658 366 2707 semper
376 2644 471 2707 longam
482 2645 616 2694 incomitata
626 2645 718 2695 ridetur
