1892 2917
350 125 471 177 AENEIS.
489 125 551 176 vn.
568 127 624 184 207.
772 125 822 174 tan

150 250 218 313 deva
227 254 294 304 doris
304 255 398 318 nonina,
410 272 524 320 annaque
533 257 624 306 invecta
633 256 741 311 suetan
769 253 817 310 287

149 319 183 367 Et
192 319 274 368 lenum
285 319 377 368 AEnean
387 321 531 385 dassetnque
540 337 570 370 ex
581 321 664 368 lethem
673 319 744 382 longo

150 383 296 432 Dardaniam
307 384 385 433 Siculo
395 387 515 448 prospexit
525 388 555 434 ab
566 400 640 450 usque
651 384 769 447 Pachyno.

150 448 673 512 Molirijamtoetavideejaimfidereterm
769 447 820 497 290

149 512 287 560 Desernisse
295 522 362 561 tates.
390 515 459 563 Stetit
468 515 515 562 aori
525 514 573 562 fixa
583 513 675 562 dolores

151 578 217 626 Tum
228 592 339 641 quassans
349 587 427 641 eaput,
438 578 489 627 heo
499 578 597 626 effundit
606 586 696 640 poetore
706 575 782 624 dietat
818 630 822 638 „

150 642 208 691 Heu
219 641 313 707 stirpem
323 642 431 704 inviam,
442 652 466 692 et
475 643 530 692 fatis
540 643 652 690 connatis
661 641 745 689 nostris

149 707 210 755 Fata
221 706 359 771 Phrygum!
376 723 434 755 num
445 708 520 770 Sigeis
530 709 664 755 occumbere
672 705 768 768 campis,

150 773 287 834 Nnmoapti
294 773 390 833 potiere
397 772 468 835 oapi?
479 787 537 820 num
544 771 752 820 inoenssoremavit
770 769 818 819 tot

150 836 224 897 Troja
234 836 312 884 viros?
328 836 416 884 medias
425 836 493 896 acies,
504 837 639 900 mediosque
648 851 690 898 per
699 836 764 898 ignes

151 901 265 949 Invenire
275 900 346 949 viam.
372 902 408 949 At
419 900 508 962 (oredo)
519 917 572 949 mea
581 900 680 948 numina
690 899 785 950 undem

148 965 221 1014 Fessa
228 966 315 1026 jaoent,
326 965 385 1012 odiis
395 974 437 1013 aut
446 975 577 1013 exsaturata
587 965 665 1028 quievi
673 964 715 1012 l-

148 1029 296 1089 Quinetiam
307 1029 727 1092 patriisenoussosinfestaperundao

148 1095 219 1142 Ausa
228 1094 302 1158 sequi,
314 1103 337 1142 et
346 1095 450 1157 profugis
459 1103 510 1142 toto
519 1109 558 1142 me
568 1108 683 1157 opponere
693 1100 771 1156 ponto.

148 1159 274 1207 Absumtae
284 1160 309 1206 in
320 1159 424 1207 Teucros
433 1159 492 1207 vires
502 1159 598 1222 celique
608 1159 731 1222 marisque.
767 1157 813 1204 ool

149 1222 216 1282 Quid
226 1225 314 1287 Syrtes,
325 1233 367 1272 aut
376 1224 455 1288 Scylla
463 1223 532 1281 mihi,
544 1224 601 1286 quid
611 1229 674 1270 vesta
685 1222 816 1286 Charybdis

83 1339 86 1345 ,
148 1288 260 1336 Profitit?
277 1296 357 1352 optato
366 1289 498 1336 oonduntur
508 1287 634 1351 Thybridis
644 1286 718 1346 alveo,

147 1352 459 1416 Seniripelagiatquemei.
485 1351 758 1416 lilarsperderegentem
867 1393 871 1398 .

146 1416 281 1466 Immanern
291 1416 420 1480 lapidrdm
430 1418 520 1474 valuit3
538 1415 648 1464 concessit
657 1415 682 1460 in
693 1415 738 1462 iras
765 1415 814 1464 305

146 1480 204 1543 Ipse
214 1482 293 1530 Deum
303 1481 424 1545 antiquam
434 1482 524 1544 genitor
534 1480 655 1544 Calydona
665 1479 764 1536 Diane3

144 1546 219 1605 Quod
234 1546 309 1594 soelus
325 1555 366 1594 sut
381 1546 495 1609 Lapithas
513 1553 614 1606 tantum,
636 1551 678 1592 aut
693 1543 815 1608 Calydona

241 1613 387 1659 merentem?

145 1674 253 1738 Astego,
263 1691 350 1738 magna
359 1676 429 1725 Jovis
438 1678 534 1739 eonjux,
545 1675 579 1724 nil
589 1675 693 1740 linquere
702 1674 812 1722 inausum

145 1739 208 1797 Que
217 1741 284 1801 potni
293 1741 383 1802 infelix,
394 1749 541 1804 qnoememet
551 1739 735 1800 inomniavmti,

144 1803 234 1851 Vinoor
243 1805 274 1852 ab
284 1804 368 1854 AEnei.
394 1805 466 1865 Quod
477 1805 496 1853 si
506 1822 559 1854 mea
569 1806 666 1853 numina
676 1819 723 1852 non
734 1813 789 1852 nint

143 1866 237 1931 Magna
247 1869 311 1929 satis,
322 1869 427 1919 dubitem
432 1865 498 1918 hand
505 1870 611 1936 equidem
619 1869 742 1932 implorare
749 1869 812 1981 qpprll

284 1949 340 1982 uam
350 1943 392 1983 est.
709 1961 710 1966 ¹

144 1949 284 2046 Flecterdii
288 2013 378 2063 nequeo
388 2001 497 2064 Superos,
508 1999 642 2047 Acheronta
651 1999 757 2046 movebo.

143 2063 201 2111 Non
211 2062 304 2111 dabitur
313 2065 398 2127 regnis,
410 2073 467 2125 esto,
479 2064 598 2128 prohibere
609 2062 709 2124 latinis,

142 2126 225 2190 Atque
234 2127 332 2176 immota
341 2137 421 2178 manet
430 2129 485 2176 fatis
496 2129 595 2177 lavinia
605 2129 705 2188 conjuxr

144 2191 181 2239 At
190 2192 287 2252 trahere,
298 2201 369 2256 atque
378 2208 454 2241 moras
464 2193 535 2240 tanus
545 2194 599 2241 lieet
608 2191 692 2240 addere
701 2194 785 2250 rebusg

143 2256 181 2304 At
190 2256 244 2304 lieet
253 2259 376 2305 amborum
385 2258 485 2323 populos
495 2258 626 2306 exsoirfflae
635 2271 724 2319 regum.
761 2257 810 2305 316

143 2320 198 2369 Eat
207 2336 277 2383 gener
286 2331 357 2386 atque
367 2337 430 2371 sooer
439 2325 523 2371 odiant
533 2321 636 2370 mercede
647 2336 750 2370 suorum·

143 2385 262 2447 Sanguine
273 2386 376 2448 Trojano
386 2396 409 2435 et
420 2387 511 2435 Rutulo
521 2387 636 2447 dotabere,
648 2385 728 2448 virgo;

142 2449 177 2497 Et
187 2450 285 2498 Bellona
295 2460 374 2500 manet
383 2461 407 2500 te
416 2454 531 2514 pronuba.
556 2451 607 2499 Neo
617 2452 667 2499 face
676 2458 769 2498 tantum

143 2514 230 2562 Cisseis
240 2530 361 2578 pregnans
371 2517 436 2578 ignes
447 2515 516 2564 enixa
524 2517 630 2579 jugalem
761 2515 810 2564 320

142 2577 209 2636 Quin
218 2578 281 2627 idun
291 2580 377 2629 Veneri
387 2589 468 2643 parnis
478 2596 544 2637 suus,
556 2589 579 2628 et
590 2581 656 2628 Paris
666 2579 731 2638 alter,

58 2695 64 2706 ,
141 2641 297 2708 Funestaeqne
305 2645 389 2694 iterum
400 2645 499 2697 recidive
508 2645 532 2694 in
545 2646 660 2708 Pergama
670 2644 743 2694 taedu.
840 2709 846 2718 ἱ
