1892 2917
139 66 188 138 no
340 87 464 137 nume
483 85 535 136 ιιι.
550 88 614 138 ree.

138 218 257 282 Linquere
266 223 319 267 tum
398 232 410 266 s
417 217 498 279 jubeo,
509 225 533 266 st
543 215 659 266 considere
668 215 780 264 mansus·
812 224 818 238 ”

137 282 252 331 Certatim
261 281 317 330 socii
336 281 413 330 eriunt
422 297 495 343 mare,
507 290 530 330 et
540 289 743 346 aequorarerrunt.
760 281 810 330 29⁰
854 285 858 297 '

139 348 253 395 Protenus
263 346 337 395 renas
347 347 474 395 Pheneum
484 345 647 396 abscondimus
656 361 729 406 aces,

138 411 266 475 Litoraque
275 412 345 476 Epiri
352 412 463 474 legimus,
473 413 589 475 poetique
599 411 706 460 subimus

138 477 251 536 Chaonio,
263 485 287 523 et
296 477 381 525 celsam
392 476 504 524 Buthroti
513 476 643 524 accedimus
654 478 744 525 urbem.

171 542 221 590 Hic
230 538 370 590 inmedibilis
379 556 458 589 rerum
467 541 533 588 fama
543 549 640 604 occupat
650 555 725 601 aures,

139 605 274 654 Priamiden
283 607 404 654 Helenum
412 605 496 654 Graias
503 620 598 668 regnare
606 621 647 669 per
654 607 732 665 urbes,
760 605 812 653 295

138 670 256 734 Conjugio
263 671 368 722 AEacidre
379 670 465 734 Pyrrhi
475 670 614 734 sceptrisque
624 670 741 734 potitum
756 685 759 690 ·

138 735 173 783 Ht
182 735 257 799 patrio
266 735 449 784 Andromachen
459 735 546 783 iterum
557 735 648 784 cessisse
657 735 749 784 marito.

138 798 275 864 Obsmpui3
291 801 398 864 miroque
407 800 527 848 incursum
537 809 618 864 pectus
628 814 715 859 amore,

139 863 286 929 Compellare
295 865 382 925 virum,
394 873 417 912 et
426 880 494 913 maus
504 880 638 928 cognoscere
648 872 732 913 tantos.

140 929 279 992 Progredior
287 938 366 993 portu,
377 929 459 978 dasses
469 938 493 978 et
501 930 570 978 litora
579 929 696 993 linquas.
729 985 733 991 ⁴
762 929 813 977 300

174 995 293 1042 Sollennes
303 1002 356 1042 tum
365 993 424 1042 forte
433 994 513 1058 dapes,
525 1003 548 1042 et
558 993 633 1042 tristia
642 993 712 1055 dona,

138 1057 205 1106 Ante
214 1060 298 1107 urbem
307 1059 333 1106 in
342 1059 404 1119 luco,
414 1059 469 1107 falsi
479 1059 604 1108 Sirnoe'ntis
614 1059 645 1106 ad
654 1059 754 1119 undam,

139 1123 242 1172 Iribabat
252 1123 323 1171 cineri
332 1123 507 1184 Andromache,
519 1125 651 1188 Manesque
661 1127 759 1172 vocabat

140 1187 283 1236 Hectoreum
297 1187 329 1236 ad
343 1188 473 1250 tumulum,
491 1189 559 1238 viridi
574 1203 645 1254 quem
658 1187 751 1254 cespite
761 1189 814 1238 ina·

234 1267 299 1313 neme

138 1317 173 1366 Et
182 1317 295 1382 geminas,
306 1333 400 1366 musam
410 1313 528 1382 lacrymis,
538 1326 667 1366 sacraverat
676 1333 736 1366 aras.
762 1319 813 1367 305

139 1381 175 1430 Ut
183 1397 221 1430 me
230 1383 350 1446 conspexit
359 1382 498 1441 venientem,
509 1391 533 1430 et
543 1383 617 1431 Troia
626 1383 714 1432 circum
798 1385 801 1397 '

138 1446 217 1496 Arma
225 1462 306 1496 amens
315 1446 384 1505 vidit,
394 1447 486 1510 magnis
497 1448 606 1496 exterrita
615 1447 724 1496 monstris
770 1483 774 1488 -

140 1511 251 1575 Deriguit
260 1512 312 1560 risu
322 1512 348 1559 in
356 1511 449 1570 medio;
466 1512 528 1560 calor
537 1527 589 1560 ossa
598 1512 700 1576 reliquit.

139 1576 248 1637 labitur,
261 1585 284 1624 et
292 1576 364 1640 longo
373 1576 414 1625 vix
424 1576 520 1624 tandem
530 1583 634 1640 tempore
646 1577 724 1625 faturr

138 1641 232 1690 Verane
242 1649 265 1689 te
275 1641 353 1699 iacies,
364 1656 433 1690 verus
441 1640 502 1688 mihi
512 1641 609 1689 nuntius
619 1643 696 1703 affers,
762 1643 818 1691 31⁰*

139 1706 202 1753 Nate
212 1705 285 1754 Dei?
301 1706 410 1754 vivims?
425 1713 477 1765 ιιιιι,
489 1706 509 1754 si
519 1705 562 1754 lux
573 1707 636 1754 alma
645 1707 746 1767 recessit,

138 1769 228 1819 Hector
237 1769 279 1819 ubi
286 1773 338 1819 esti
356 1770 441 1828 Dixit3
457 1771 619 1836 lacrymasque
626 1771 716 1834 effirdit,
728 1780 752 1821 et
759 1787 813 1821 om·

235 1849 291 1882 nem
583 1863 586 1872 ν

138 1899 251 1963 Implevit
260 1900 360 1948 claunme
370 1899 456 1948 locum.
491 1899 542 1949 Vix
551 1917 627 1965 pauca
636 1901 723 1950 fruenti

84 2022 87 2027 Ι
138 1964 251 2026 Subjieio,
262 1974 285 2012 et
295 1964 352 2012 raris
362 1966 470 2014 teubatus
480 1966 575 2015 vocibus
585 1966 663 2014 hisco:
760 1967 810 2015 314

137 2027 201 2077 Vivo
211 2029 329 2092 equidem,
340 2029 459 2093 vitamque
469 2038 573 2080 extrema
583 2046 625 2094 per
635 2031 715 2080 omnia
725 2031 793 2081 duco.

137 2093 164 2140 N
164 2109 178 2140 e
187 2093 283 2142 dubitur
301 2109 357 2142 nam
367 2110 422 2142 vera
431 2095 502 2144 vides.

137 2157 209 2206 Heu!
227 2158 280 2222 quis
289 2166 313 2206 te
322 2174 397 2217 cama,
405 2160 518 2222 dejectam
529 2162 628 2224 conjuge
637 2169 711 2219 muto,

136 2223 251 2287 Excipit?
267 2231 309 2270 aut
319 2239 373 2288 qute
383 2224 455 2287 digna
464 2225 520 2273 satis
530 2225 623 2274 fortuna
631 2225 732 2275 revisit?

137 2287 245 2336 Hectoris
254 2288 419 2337 Andromache
430 2289 540 2353 Pyrrhin’
549 2290 664 2338 manubia
675 2293 770 2340 saras?

135 2351 227 2413 Dejecit
235 2354 337 2412 ruinam,
349 2362 372 2400 et
382 2353 482 2402 demissi
492 2369 547 2403 voce
557 2355 634 2404 locuta
644 2363 693 2404 est:
759 2356 810 2404 320

136 2416 160 2465 0
174 2417 231 2464 felix
241 2432 290 2465 una
300 2427 354 2465 ante
363 2418 421 2467 alias
432 2419 550 2468 Priameia
559 2420 633 2482 virgo.

136 2480 253 2529 nouem
264 2482 295 2529 ιι
304 2482 424 2530 sumnum
434 2483 515 2545 nne
525 2486 569 2532 rus
579 2485 695 2533 muribus
705 2485 759 2534 nes
794 2469 797 2476 ’

134 2545 207 2594 Jussa
216 2547 286 2605 mori,
296 2562 350 2610 qua
360 2547 455 2595 sortiare
463 2562 511 2595 non
522 2548 618 2613 pertulit
628 2549 698 2612 ullos,

134 2610 187 2658 Nec
197 2609 345 2660 victorisheti
354 2612 431 2675 refigit
439 2613 534 2677 optiva
542 2613 619 2662 cubile
628 2614 635 2661 l
