1892 2917
162 88 212 138 Μ
369 86 494 137 AENEIS·
509 86 558 137 xl.
575 86 630 136 102.

165 216 200 265 co
242 214 752 280 rapnmmpcrferrequafurejeoebant,
792 214 844 263 les
920 175 921 196 ἶ

219 279 749 340 daetsctumulosineretsuccedereterree

164 343 757 398 Nullumcuurvictiscertarnenetaethereeessist

164 409 272 457 Parceret
279 409 408 473 hospitibus
419 409 538 472 quondam
548 410 676 473 essedaque
685 408 780 457 voeatis.
793 407 843 458 lus

196 474 264 533 Quos
273 476 348 523 bonus
359 475 455 533 AEneus,
466 474 531 521 haud
541 473 701 537 adspernenda
710 481 844 535 premia,
920 507 921 540 t

166 538 317 603 Prosequitur
327 537 437 598 venierat
447 539 522 587 verbis
532 538 583 586 hnc
592 538 644 586 insu
696 536 779 585 addit:

166 603 283 661 Quaenam
295 618 335 651 vos
346 612 410 651 tantu
420 603 514 651 fortune
523 602 628 665 indigna,
676 601 728 661 tini,

166 668 288 733 Implicuit
298 668 367 727 bello,
380 668 421 732 qui
431 682 473 715 nos
484 667 579 731 fugiatis
590 667 692 715 amicoe?
920 715 921 720 ,

166 734 252 783 Pacem
263 748 301 781 me
312 732 424 781 exanimis
432 741 455 779 et
465 732 552 780 Martis
561 741 622 779 sorte
631 729 741 795 perenrn's
792 729 845 778 llo

166 798 266 847 Oratis?
283 797 390 861 equidem
401 804 426 844 et
436 796 494 844 vivis
504 796 626 845 uuuuedere
636 796 729 844 vellem.
837 817 848 827 ·
864 806 869 811 “

166 864 219 912 Nec
229 863 290 920 veni,
302 861 347 909 nisi
355 862 404 909 fate
414 860 496 909 locum·
502 861 626 925 sedensque
635 860 768 917 dedissentg

166 928 219 977 Nec
230 928 319 975 bellum
331 941 385 975 cum
396 934 464 989 gente
473 941 545 989 gero:
562 940 604 973 rer
614 933 692 973 nestra
700 923 799 989 reliquit

167 992 286 1055 Hospitis,
297 999 321 1040 et
332 990 408 1037 Tumi
418 990 496 1054 potius
505 1006 531 1039 se
540 990 636 1038 credidit
645 990 724 1039 armis.
744 1027 747 1031 -

166 1057 270 1120 AEquius
278 1056 333 1103 huie
340 1055 450 1103 Turnum
459 1055 535 1104 fuerat
545 1071 569 1102 se
579 1068 693 1118 opponere
700 1053 781 1102 murti.
793 1053 846 1100 us

166 1123 193 1171 Si
203 1121 292 1169 bellum
303 1120 369 1167 finire
379 1134 460 1177 manu,
472 1120 492 1167 si
501 1120 586 1182 pellere
597 1120 700 1167 Teucrus

165 1188 283 1249 Apparet,
294 1184 331 1233 his
342 1199 434 1232 mecum
445 1184 521 1233 decuit
532 1199 664 1233 concurrere
673 1182 742 1231 telis:

167 1252 249 1310 Vires,
261 1250 299 1297 cui
309 1249 381 1298 vitam
391 1248 458 1297 Deus
468 1259 510 1297 eut
519 1264 563 1297 sua
573 1249 655 1297 dextre
664 1248 773 1295 dedisset

167 1318 193 1365 N
195 1330 240 1363 unc
250 1315 291 1374 ite,
302 1323 326 1362 et
336 1314 424 1361 miseris
434 1313 557 1377 supponite
566 1313 656 1361 civibus
665 1313 753 1375 ignena

200 1380 300 1428 Dixerat
310 1380 405 1427 AEneas.
423 1377 475 1426 Olli
483 1379 624 1441 obstupuere
634 1378 741 1432 silentem
796 1375 848 1429 lna

169 1444 324 1507 conversique
334 1442 412 1491 oculos
422 1443 483 1490 iuter
493 1458 517 1490 se
526 1451 597 1505 atque
607 1457 647 1489 ora
657 1442 776 1489 tenebunt·

170 1511 236 1559 Tum
247 1509 329 1568 senior,
341 1523 477 1571 semperque
487 1506 546 1555 odiis
555 1515 579 1554 et
589 1506 684 1554 crimine
693 1505 802 1553 Dreuoes

169 1575 278 1624 Infensus
287 1572 368 1634 juveni
380 1572 470 1632 Turno,
483 1572 516 1620 aie
525 1586 564 1619 ore
574 1570 674 1618 vicissim

169 1640 232 1688 Orsa
242 1638 310 1685 refert
319 1654 326 1685 s
344 1636 368 1685 0
379 1636 443 1684 fami
452 1636 543 1700 ingens,
554 1636 668 1699 ingentior
678 1633 758 1692 aunis,
825 1647 829 1653 ·

169 1704 215 1753 Vir
227 1702 342 1764 Troiane!
355 1702 440 1764 quibus
451 1703 508 1749 coelo
518 1712 542 1749 te
550 1700 660 1748 leudibus
670 1700 782 1763 nquetn?
796 1700 848 1746 trs

169 1765 700 1830 Justitiaeneprius,mirer,be11uelaborun2
920 1811 921 1818 ,

169 1836 222 1884 Nos
232 1848 285 1881 vero
295 1831 346 1879 huc
355 1830 455 1894 patrium
465 1830 525 1893 grati
534 1830 659 1877 refermus
668 1828 700 1875 ud
710 1829 814 1876 urbm:
920 1835 921 1852 ¹

168 1900 204 1949 Et
213 1906 245 1957 te,
257 1898 276 1945 si
286 1912 334 1961 qua
343 1896 405 1943 uiam
415 1894 503 1942 dederit
512 1893 614 1951 saturne,
625 1893 711 1940 latinu

170 1966 304 2025 Juugernus
315 1960 371 2023 regi.
390 1960 488 2019 Quoerat
498 1957 543 2005 sibi
551 1958 638 2005 federa
649 1958 754 2005 Turnus.

170 2028 237 2088 Quin
248 2036 271 2075 et
280 2026 361 2073 fatales
371 2038 492 2071 murorum
501 2022 604 2070 attollere
614 2022 695 2080 moles,
797 2022 849 2071 13⁰

171 2092 422 2155 Saxaque'subvectare
431 2087 534 2136 humeris
545 2086 657 2149 Troiane,
666 2084 767 2148 juvabit.
920 2089 921 2132 i

171 2157 270 2206 Dixerat
280 2155 338 2214 hec,
348 2168 442 2217 unoque
452 2168 533 2201 omnes
543 2151 624 2200 eudem
633 2166 673 2199 ure
682 2150 827 2199 fremebant.
920 2141 921 2196 Τ

203 2221 246 2269 Bis
257 2234 323 2269 senos
333 2218 441 2281 pepigere
451 2217 509 2277 dies,
521 2226 552 2276 et,
561 2232 618 2279 pace
627 2215 754 2279 mquestrd,

171 2288 218 2335 Per
229 2285 296 2333 silvas
308 2283 402 2340 Teucri,
415 2283 529 2349 mistique
537 2282 635 2344 impune
645 2279 733 2340 latini,
761 2307 766 2315 ·

101 2362 107 2369 '
171 2347 364 2410 Erreverejugie.
379 2347 581 2395 Ferrosonuicu
590 2344 687 2409 bipenni
799 2344 852 2393 les
920 2353 921 2362 ¹

172 2414 289 2463 Fraxinus
298 2429 305 2470 ;
323 2419 429 2458 evertunt
439 2420 501 2473 actes
511 2410 541 2457 ad
552 2410 626 2457 sidera
635 2410 720 2471 pinuae

172 2480 267 2528 Robora
277 2490 319 2523 nec
330 2474 407 2521 cuneis
418 2483 441 2522 et
451 2476 552 2522 olentem
562 2474 663 2521 scindere
673 2472 778 2532 cednun,

170 2544 224 2592 Nec
234 2538 343 2603 plaustris
353 2546 441 2585 cessant
450 2546 540 2586 vectare
549 2538 693 2601 gememibus
702 2552 780 2585 omos

203 2606 237 2653 Et
244 2605 295 2665 jam
306 2603 382 2651 suna
389 2600 479 2663 velun,
488 2602 548 2651 tanti
557 2601 688 2666 prenuntia
695 2602 782 2661 luctus,
