1892 2917
346 93 471 146 AENEIS·
487 95 520 146 V.
534 95 592 146 m
761 95 807 148 lu
913 133 918 144 .

133 225 175 275 su
184 225 270 286 Bero's‘,
282 221 403 290 [lentari]
414 225 501 288 conju
511 225 619 290 longara
628 223 740 292 Doryclir
758 227 808 276 ⁰2⁰

131 291 179 340 Cui
188 305 271 354 genus,
284 298 308 338 et
318 291 436 366 quondam
447 304 542 352 nornen,
554 291 649 354 natique
659 291 774 351 ruinam

131 357 172 404 Ac
182 357 215 404 sic
225 355 389 421 Dardanrtllrrn
399 355 502 428 mediam
513 371 538 403 se
548 357 662 405 matribus
672 356 756 405 inseror

132 420 158 469 0
167 421 266 479 miseras,
277 423 394 483 quas'non
404 435 497 479 manus,
509 421 595 484 iuquit,
607 420 712 470 Achaiae
722 421 783 471 bello

133 485 243 533 Traxerit
253 485 283 533 ad
294 485 367 532 letum
378 485 459 548 patriar
469 487 514 533 sub
524 486 639 533 moenibus
649 485 655 532 l
675 502 689 534 o
699 501 756 551 gens

132 550 220 598 Intuix
231 551 238 598 l
255 550 295 598 aui
304 559 328 598 te
338 550 410 598 exitio
420 550 525 598 Fortuna
535 553 654 598 reservat?
759 551 807 599 ort

132 615 238 678 Septima
248 622 301 678 post
310 615 390 676 Trojoe
401 614 528 662 exscidium
538 617 588 677 Jam
600 614 695 663 vertitur
705 624 782 675 mama,

132 679 197 727 Cum
206 679 274 738 freta,
286 695 341 728 curn
349 687 423 729 terras
432 692 522 738 omnes,
533 689 568 728 tot
578 680 695 743 inhospita
704 695 768 740 saxa,

133 743 259 808 Sideraque
270 759 368 792 emensae
375 744 488 801 lerimur3
501 744 558 804 (lurp
569 759 611 810 per
620 759 684 792 mare
694 757 808 808 magnum

133 809 227 858 Italiam
239 809 358 872 sequimur
369 808 505 872 fugientem,
517 818 540 858 et
550 809 666 858 volvimur
676 809 752 857 undis.

134 873 185 922 Hic
191 873 274 938 Erycis
282 875 340 922 fines
350 873 453 932 fraterni,
461 883 533 938 atque
542 874 625 938 hospes
632 875 745 923 Acestes:
759 875 808 921 68⁰

134 937 200 996 Quid
210 939 317 1002 prohibet
327 953 407 986 muros
414 940 499 999 jooere,
511 947 534 986 et
543 939 599 987 (lare
609 938 698 987 civibus
705 939 808 988 urbemi

133 1001 252 1067 Opaon,
264 1015 289 1052 et
298 1012 325 1051 ra
341 1003 360 1051 ti
370 1003 530 1066 nequidquam
541 1019 570 1052 ex
581 1003 647 1050 hoste
658 1004 773 1052 Penates!

134 1065 239 1116 Nullane
248 1069 298 1129 jtam
309 1019 389 1129 'lliojae
398 1068 504 1116 dicentur
514 1069 616 1116 maenio?
632 1083 749 1132 nusquam

134 1130 261 1180 Heotoreos
270 1147 360 1187 amnes,
371 1133 495 1180 Xanthum
506 1143 530 1181 et
540 1133 668 1193 Simointa,
681 1133 784 1182 videbo?

134 1195 201 1255 Quin
209 1197 278 1259 agite,
288 1207 311 1245 et
320 1212 413 1245 meeum
421 1197 534 1246 infaustas
543 1199 632 1246 exurite
642 1213 746 1262 puppes=
759 1199 808 1248 635

134 1259 200 1308 Nam
211 1262 270 1308 mihi
278 1263 414 1310 Cassandria
424 1277 466 1325 per
476 1277 585 1310 somnum
597 1263 655 1310 vatis
666 1264 744 1326 imago

133 1324 250 1374 Ardentes
260 1326 315 1374 dare
324 1327 374 1374 visa
383 1327 450 1374 foues
468 1326 518 1374 Hio
529 1327 624 1390 quarite
635 1327 733 1388 'l'rojam
742 1343 750 1384 ς

134 1389 184 1437 Hie
194 1389 278 1439 domus
288 1400 331 1448 aot,
342 1391 427 1454 inquit,
439 1392 511 1439 vobis.
528 1393 586 1440 Jam
597 1400 698 1454 ternpus,
710 1391 748 1456 agi
759 1405 808 1452 resa

134 1452 188 1501 Neo
198 1455 268 1503 tantis
278 1471 344 1503 more
353 1455 470 1519 prodigiis
488 1457 528 1503 En
538 1465 647 1520 quattuor
658 1471 704 1504 ore
760 1457 809 1506 6³9

134 1518 255 1581 Neptuno.
272 1519 339 1568 Deus
349 1521 399 1583 ipse
409 1520 470 1568 faces
481 1521 634 1584 animumque
644 1520 768 1570 ministrat.

133 1582 194 1630 Hac
204 1599 345 1643 memorans,
354 1585 430 1649 prima
439 1585 557 1633 infensum
567 1585 591 1634 vi
602 1585 695 1649 oorripit
704 1585 792 1649 ignaua

133 1648 278 1713 Sublatique
288 1651 370 1712 procul
380 1650 463 1699 dextri
472 1650 574 1697 connixa
584 1660 696 1708 coruscet,

132 1709 168 1760 Bt
175 1714 240 1774 jacit
257 1713 362 1762 Arrectae
371 1725 470 1773 mentes,
482 1715 655 1778 stupefactaque
666 1714 735 1763 eorda

133 1777 245 1825 Iliadum.
263 1778 312 1828 Hla
323 1794 371 1828 uns
380 1795 394 1826 a
404 1780 495 1840 multis,
507 1795 561 1844 quae
571 1780 675 1828 maxima
685 1788 752 1842 natu,

133 1842 222 1905 Pyrgo,
234 1850 269 1890 tot
280 1843 369 1890 Priami
379 1851 487 1892 natorum
499 1844 563 1907 regia
572 1844 668 1892 nutrius
761 1844 810 1893 646

132 1906 191 1953 Non
202 1907 278 1956 Beroe
289 1908 362 1968 vobis,
374 1923 421 1957 non
431 1909 482 1957 luae
494 1908 611 1968 Rhoeteia,
623 1917 717 1970 matres,

132 1969 178 2019 Est
189 1971 286 2036 Doryuli
297 1973 391 2034 eonjurn
415 1972 497 2022 Divini
508 1973 574 2036 signa
584 1973 679 2034 decoris,

132 2035 298 2101 Ardentesque
309 2047 386 2086 notate
396 2039 491 2096 aculon
509 2037 655 2102 qui-spiritus
666 2037 711 2099 illi,

133 2100 184 2160 Qui
194 2102 283 2161 vultus,
294 2103 384 2151 votisve
394 2117 473 2162 sonus,
483 2104 520 2152 rel
528 2119 619 2166 gressus
629 2103 701 2154 erroti-

133 2163 191 2228 Ipsa
202 2176 294 2230 egomet
304 2167 396 2215 dudum
407 2168 500 2216 Bem'en
512 2167 614 2231 digresse
624 2168 709 2232 reliqui
762 2168 811 2219 650

133 2229 243 2294 AEgraur,
255 2231 425 2295 indignantem,
437 2234 480 2280 tali
491 2233 554 2298 quod
565 2233 614 2280 sola
625 2242 711 2282 carnot

132 2293 244 2407 gauere,
256 2311 298 2345 nee
308 2297 402 2346 meritos
411 2297 524 2346 Anchise
534 2296 629 2345 inferret
639 2297 744 2346 horrores·

162 2362 282 2410 arcellata.
843 2401 849 2410 .

133 2425 171 2472 At
180 2436 274 2487 matres,
286 2426 363 2490 primo
373 2426 493 2491 ancipites,
505 2427 624 2491 oculisque
633 2426 743 2490 malignis

133 2489 272 2554 Ambigua,
283 2500 385 2555 spectare
395 2500 464 2553 rates,
476 2493 588 2540 miserum
599 2492 660 2540 inter
670 2505 773 2541 amorem
861 2523 869 2538 ,

135 2553 668 2622 heseadsterra‚fatiaqueroeantiarefflra;
763 2557 813 2604 656
