1892 2917
150 112 197 161 ltu
365 107 486 158 AENEIS.
503 107 525 156 1.
541 105 597 164 207.

148 238 247 297 neree,
258 245 282 286 et
290 243 379 286 vomet
388 239 457 286 enus
466 242 555 284 servae
564 231 676 283 meniu
764 230 815 286 Μ

180 302 251 350 Talia
259 316 315 349 voce
324 300 406 359 τείως
423 301 529 374 curiaque
539 298 672 362 ingentibus
682 311 742 360 eger

149 365 220 428 Spem
230 365 298 412 vultu
308 364 410 424 simulat,
421 377 505 427 premnt
515 362 589 410 altum
599 361 667 410 corde
676 361 788 410 dolorem.

149 429 191 476 llli
201 445 225 476 ae
234 428 318 492 praedae
328 429 450 491 accingunt
459 428 604 490 dapibusque
613 425 709 474 futurisr
765 425 816 473 210

150 493 254 555 Tergoro
263 492 380 556 deripiunt
389 491 465 550 coede,
478 499 501 538 et
511 491 595 538 viscera
606 489 710 546 nudant3

150 557 207 604 Pars
218 557 242 603 in
252 556 327 604 t'ruata
336 564 420 613 secant,
431 557 577 616 verubusque
584 554 705 602 trementia
714 554 806 617 figunt:

150 621 230 668 Litore
239 621 298 667 aiina
306 620 383 668 locant
393 619 441 677 alii,
452 619 604 681 &murusque
614 618 761 675 ministrant3

150 684 216 732 Tum
225 685 288 733 victu
297 691 403 732 revocant
412 683 486 739 vires3
503 681 594 744 fusique
602 697 643 744 per
652 681 757 742 herbam,

151 748 283 811 Implentur
292 747 373 795 veterio
383 747 469 795 Bacchi
479 745 618 810 pinguiaque
627 745 712 793 ferinae.
766 745 816 792 215

151 811 278 875 Postquam
288 820 380 859 exemta
389 811 461 858 fames
470 809 554 873 epulis,
564 823 695 872 mensaeque
702 817 805 870 renotae,

149 876 257 924 Amiaaoa
266 876 336 938 longo
346 874 417 923 aocioo
426 888 531 922 nemone
539 873 673 936 requirunt:

151 940 268 1014 Spemque
278 949 412 1002 metumque
421 938 481 986 inter
491 937 564 996 dubii,
576 952 617 985 eeu
627 936 702 986 vivere
712 935 816 997 credant,

150 1004 205 1051 Sive
214 1012 317 1051 extrem
326 1003 383 1065 pati,
394 1017 437 1050 nec
444 1002 494 1063 jem
505 1001 614 1049 exaudire
620 1010 717 1049 vocatos.

151 1066 271 1131 Praecipue
280 1066 333 1130 pinu
343 1067 439 1124 AEneaa,
449 1081 513 1114 nunc
522 1065 579 1113 acria
590 1063 694 1124 Orontei,
754 1066 817 1134 ἱ220

151 1129 223 1178 Nunc
232 1131 320 1193 Amyci
330 1145 408 1179 carum
418 1131 499 1193 gemit,
511 1137 534 1177 et
544 1128 644 1177 crudelia
654 1143 730 1176 secum

151 1193 212 1241 Fata
221 1195 287 1258 hyci,
299 1195 428 1259 fortemque
439 1194 517 1257 Gyan,
528 1193 657 1256 sortemque
666 1192 816 1241 Cloanthum.

182 1258 217 1307 Et
224 1260 275 1320 jam
285 1258 338 1306 finio
348 1267 408 1314 erat3
426 1273 480 1306 cum
491 1257 591 1320 Jupiter,
602 1257 685 1304 aethere
694 1272 788 1305 summo
867 1273 870 1278 ·

151 1319 286 1386 Deapiciena
296 1338 360 1371 mere
370 1322 503 1381 velivolum,
519 1329 634 1384 terrasque
642 1322 751 1383 jacentes,

151 1386 286 1462 Litoraque,
297 1395 321 1435 et
329 1388 388 1434 latos
397 1386 503 1449 populos,
515 1386 547 1433 sic
556 1386 640 1433 vertice
649 1385 699 1433 coeli
768 1385 818 1432 225

151 1451 269 1509 Consum,
280 1459 303 1499 et
314 1451 397 1515 lubyce
406 1450 487 1498 defixit
496 1449 587 1496 lumina
596 1450 679 1513 regnis.
779 1477 787 1491 .

151 1514 232 1579 Atque
241 1516 318 1575 illum,
330 1516 388 1563 talea
396 1516 521 1577 jactantem
532 1522 622 1576 pectore
633 1527 707 1574 curae,

151 1578 258 1639 Tristior,
269 1589 293 1628 et
302 1580 409 1643 lacrymis
418 1579 496 1626 oculos
506 1577 593 1625 ruffine
602 1578 708 1637 nitentes,

151 1643 288 1708 Alloquitur
296 1643 389 1692 Vmua:
399 1642 469 1705 Oqui
477 1657 512 1689 ret
519 1641 687 1705 hominumque
693 1641 819 1704 Deumque

151 1706 681 1771 AEterniaregiaimperiia,etfulmineterreel
769 1707 819 1754 230

152 1770 217 1829 Quid
227 1787 293 1819 meua
302 1772 390 1820 AEnees
399 1772 424 1818 in
434 1779 457 1817 te
468 1769 609 1818 committere
619 1777 719 1828 tantum,

151 1835 218 1894 Quid
228 1836 303 1883 Troia
312 1838 426 1898 potuere?
442 1835 536 1897 quibua,
548 1841 582 1880 tot
592 1833 673 1881 funera
682 1833 763 1896 poesia,

152 1900 256 1948 Cunctua
265 1902 296 1947 ob
307 1899 400 1946 ltaliam
410 1907 522 1946 terrarum
533 1897 648 1944 clauditur
658 1898 726 1946 orbis.

151 1963 220 2011 Certe
229 1964 284 2012 hinc
294 1964 412 2011 Bonum
421 1963 487 2021 olim,
499 1961 641 2009 volventibus
651 1962 726 2021 annis,

152 2027 216 2076 Hinc
226 2029 275 2076 fore
284 2027 397 2086 ductores,
408 2034 511 2074 revocato
521 2041 535 2072 e
546 2025 656 2088 sanguine
665 2024 758 2085 Teucri,
770 2025 820 2072 235

152 2092 202 2151 Qui
212 2107 285 2150 mare,
295 2091 337 2155 qui
347 2098 426 2150 turae,
434 2090 499 2138 omni
508 2089 594 2136 ditione
604 2097 715 2149 tenerent,

153 2155 280 2204 Pollicitus.
314 2154 376 2214 Qua
386 2163 417 2213 te,
430 2154 535 2211 Genitor,
547 2153 658 2200 emunda
667 2153 752 2201 vertit?

47 2267 51 2274 ,
153 2219 207 2268 Hoc
217 2219 325 2283 equidem
335 2233 440 2266 comeum
450 2217 529 2278 Trojce
539 2217 659 2279 tristesque
669 2216 748 2265 ruinae
810 2223 814 2230 ’

154 2283 257 2344 Solebar,
269 2283 322 2330 latia
331 2282 444 2331 contraria
452 2281 501 2328 fata
511 2281 644 2344 rependens.

153 2347 225 2396 Nunc
235 2347 314 2394 adn
326 2346 418 2394 fortuma
428 2345 489 2393 viros
498 2353 533 2392 tot
543 2345 632 2392 oaaibue
643 2351 705 2392 actos
769 2345 820 2392 240

153 2411 294 2475 Inacqnitur.
309 2410 388 2469 Quem
396 2409 437 2457 dna
443 2408 523 2467 linem,
532 2409 585 2456 Rex
592 2423 685 2484 magne,
695 2408 820 2457 labomm?

153 2476 261 2524 Antenor
270 2474 355 2538 potuit,
366 2473 448 2521 madiis
457 2473 549 2535 clapsus
559 2471 664 2531 Achivu,

154 2539 261 2602 Illyriooa
270 2545 389 2613 pmetrare
397 2537 463 2584 ainus
472 2545 543 2599 atque
552 2535 636 2583 intima
644 2543 710 2584 mura

154 2603 237 2666 Regna
247 2600 414 2661 hermonem,
425 2610 449 2648 et
458 2599 547 2649 senten
558 2613 664 2663 superare
675 2599 785 2658 'l'imavi3
