1892 2917
155 97 206 146 280
361 95 486 147 AENEIS.
503 93 550 145 IX·
565 93 623 143 32⁰.

154 223 266 288 Euryale,
278 222 413 272 mdmdum
424 222 514 276 derna
549 222 682 288 Nuneipn
691 231 818 275 vucatrea.

154 289 209 339 Hac
218 289 262 337 iter
272 298 315 337 eet.
348 289 398 349 Tu,
410 304 440 338 ne
450 307 499 354 qua
509 305 594 338 manua
605 305 630 337 ae
640 289 744 337 attollere
754 291 829 340 nobie
841 333 844 338 .

153 358 178 402 A
191 363 256 417 tergo
267 354 348 418 puerit,
360 355 459 414 custodi,
470 366 495 403 et
502 355 595 403 counrle
605 355 681 417 longe.
780 358 837 404 322

155 418 216 467 Haec
226 435 270 481 ego
280 428 346 467 varta
356 419 425 479 dabo,
437 430 461 468 et
471 421 521 468 lato
532 429 555 468 te
565 420 640 467 limite
650 419 743 467 ducam.

154 484 194 532 Sic
209 493 330 543 memorat,
346 498 472 548 vocemque
488 485 586 548 premit;
603 485 673 532 simul
684 499 739 532 enee
749 501 836 549 euper-

253 551 311 597 bum

154 610 312 662 Rhamnetem
322 614 464 677 aggreditur,
477 613 518 678 qui
529 613 587 662 sorte
597 614 713 678 tapetibus
723 613 777 662 altis

155 677 296 726 Exstructus
306 687 355 726 toto
364 679 478 742 proflabat
488 687 580 741 pectore
590 693 715 735 somnum
782 681 836 728 326

156 742 211 790 Rex
221 742 292 802 iden,
303 753 328 790 et
337 744 386 806 regi
397 744 480 790 Turno
490 743 634 812 gratieaimut
644 757 735 806 augure

156 807 203 855 Sed
214 822 260 855 non
272 809 369 871 augurio
379 808 456 871 patuit
465 807 580 871 depellere
591 819 687 872 pestem.

157 871 222 920 Trea
224 873 294 933 juxta
304 872 406 920 famulos
416 882 501 920 temere
511 872 572 919 inter
582 874 628 920 tela
636 874 747 933 jacentes,
781 873 835 922 329

155 936 356 1000 Armigerumque
366 938 437 984 Remi
447 936 541 1000 premit,
552 938 704 1000 aurigamque
714 938 758 985 sub
768 937 829 1001 ipaie

156 1001 247 1048 Nactus
258 1002 338 1064 equit,
355 1002 462 1065 ferroque
472 1010 535 1050 aecat
544 1002 665 1065 pendentia
678 1002 752 1057 colla:
828 1041 835 1052 .

158 1065 223 1112 Tum
229 1072 300 1128 caput
307 1066 352 1130 ipsi
360 1067 436 1114 aufert
441 1066 545 1124 domino,
554 1077 710 1131 truncumque
720 1067 837 1132 relinquit

156 1129 276 1191 Sanguine
284 1131 466 1193 singultantem
484 1139 534 1179 atro
545 1131 657 1194 tepefacta
667 1147 748 1179 cruore

159 1193 233 1242 'l'erra
247 1195 338 1258 torique
348 1196 449 1244 madent
485 1197 583 1244 Necnon
594 1197 773 1260 Iamyrumque
784 1197 836 1246 La·

253 1275 320 1308 mum
338 1276 367 1308 ue
616 1285 619 1290 ·

156 1323 191 1372 Et
198 1325 309 1386 juvenem
320 1276 456 1384 gamanam,
467 1326 509 1372 illi
520 1325 561 1389 qui
571 1326 673 1390 plurima
682 1334 750 1374 noete
782 1327 836 1374 335

158 1388 266 1447 Luserat,
277 1389 373 1453 insignia
383 1390 449 1447 teeie,
461 1390 583 1454 multoque
591 1392 682 1451 jacebat

157 1453 270 1503 Membra
280 1454 333 1502 Deo
343 1455 433 1511 victua3
450 1456 516 1514 felix,
528 1455 547 1502 si
558 1465 668 1519 protenus
678 1455 747 1502 illum

157 1519 285 1582 AEquiteaet
294 1520 355 1567 nocti
365 1520 458 1579 ludum,
470 1521 494 1567 in
506 1521 628 1584 lucemque
639 1521 735 1568 tuliraet·

158 1583 278 1646 Impastus
288 1599 330 1632 ceu
341 1585 410 1647 plene
419 1584 456 1632 leo
467 1599 509 1647 per
519 1585 588 1632 ovilia
598 1586 694 1632 turbans
781 1583 835 1634 339
929 1575 930 1618 3

158 1648 257 1700 (Suadet
267 1650 330 1696 enim
342 1659 425 1697 vesana
435 1650 518 1706 fames)
529 1649 666 1712 manditque
676 1648 795 1714 trahitque

158 1711 235 1761 Molle
245 1729 315 1788 pecus
325 1722 465 1777 mutumque
476 1723 556 1770 metue
574 1713 651 1762 fremit
662 1729 701 1761 ore
711 1721 816 1762 cruento.

158 1777 210 1825 Nec
221 1793 296 1825 minor
307 1779 405 1842 Euryali
415 1778 503 1827 cedes:
520 1779 626 1826 incensus
636 1786 659 1826 et
669 1778 718 1842 ipae

158 1841 275 1899 perfurit,
294 1859 321 1892 ac
332 1844 431 1890 multam
442 1844 466 1890 in
478 1842 555 1890 medio
565 1843 615 1890 eine
626 1844 719 1891 nomine
727 1841 833 1904 plebem,

157 1905 305 1971 Fadumque,
318 1910 498 1971 Herbesumque
505 1907 575 1968 eubit,
587 1907 755 1971 Rhoetumque,
763 1907 836 1955 Aba·

254 1974 299 2020 rim
317 1989 355 2031 ue,
780 1973 833 2020 344

158 2035 272 2098 Ignaror3
290 1990 403 2086 ldhoetum
414 2037 558 2100 vigilantem,
570 2045 593 2085 et
603 2045 687 2085 cuncta
697 2035 833 2096 videntem

158 2101 204 2148 Sed
215 2117 329 2164 magnum
339 2113 445 2150 metuens
455 2117 480 2149 ae
490 2111 543 2164 poet
553 2113 640 2152 cratera
650 2103 757 2164 regebam

158 2165 254 2213 Pectore
264 2167 290 2213 in
300 2168 395 2216 adverae
405 2175 481 2218 tatum
492 2167 530 2214 cui
540 2167 670 2215 comminue
680 2181 759 2215 entem

158 2229 269 2278 Condidit
279 2231 416 2296 assurgenti,
428 2241 452 2279 et
460 2231 538 2280 multia
547 2241 622 2280 morte
632 2230 723 2294 recepit.

159 2294 304 2358 Purpuream
321 2297 395 2345 vomit
410 2296 451 2345 ille
466 2296 578 2358 animam,
602 2304 625 2344 et
642 2310 696 2344 euru
719 2297 837 2360 sanguine

256 2361 331 2409 mixta
784 2362 837 2413 349

158 2422 223 2471 vin·
232 2425 302 2472 refert
312 2426 420 2474 moriens.
453 2425 501 2473 Hic
512 2425 575 2476 furtu
585 2424 686 2474 fervidus
696 2425 776 2474 instat.

158 2487 264 2552 Jamque
273 2489 305 2536 ad
315 2490 419 2553 Meatapi
430 2490 503 2538 aocioa
513 2491 622 2540 tendebat
626 2507 635 2551 ς
655 2490 696 2538 ubi
706 2491 789 2554 ignem

159 2551 265 2603 Deficere
274 2563 414 2617 extremum,
426 2563 450 2603 et
459 2555 567 2618 religato·
576 2555 621 2604 rite
630 2554 723 2605 videbat
