<?xml version="1.0" encoding="UTF-8"?>
<!DOCTYPE html PUBLIC "-//W3C//DTD XHTML 1.0 Transitional//EN"
    "http://www.w3.org/TR/xhtml1/DTD/xhtml1-transitional.dtd">
<html xmlns="http://www.w3.org/1999/xhtml" xml:lang="en" lang="en">
 <head>
  <title>
</title>
<meta http-equiv="Content-Type" content="text/html;charset=utf-8" />
  <meta name='ocr-system' content='tesseract 3.04.00' />
  <meta name='ocr-capabilities' content='ocr_page ocr_carea ocr_par ocr_line ocrx_word'/>
</head>
<body>
  <div class='ocr_page' id='page_1' title='image "./pvirgiliimaroni21virggoog_0018.png"; bbox 0 0 1892 2917; ppageno 0'>
   <div class='ocr_carea' id='block_1_1' title="bbox 126 82 590 135">
    <p class='ocr_par' dir='ltr' id='par_1_1' title="bbox 126 82 590 135">
     <span class='ocr_line' id='line_1_1' title="bbox 126 82 590 135; baseline -0.004 0"><span class='ocrx_word' id='word_1_1' title='bbox 126 88 142 135; x_wconf 74' lang='grc'><strong>8</strong></span> <span class='ocrx_word' id='word_1_2' title='bbox 335 82 522 133; x_wconf 63' lang='lat' dir='ltr'><strong>Bucolica</strong></span> <span class='ocrx_word' id='word_1_3' title='bbox 539 83 590 133; x_wconf 81' lang='lat'>111.</span> 
     </span>
    </p>
   </div>
   <div class='ocr_carea' id='block_1_2' title="bbox 123 226 803 1069">
    <p class='ocr_par' dir='ltr' id='par_1_2' title="bbox 123 226 803 1069">
     <span class='ocr_line' id='line_1_2' title="bbox 391 226 542 266; baseline 0.02 -3"><span class='ocrx_word' id='word_1_4' title='bbox 391 226 542 266; x_wconf 69' lang='lat' dir='ltr'><strong>Mnesteus.</strong></span> 
     </span>
     <span class='ocr_line' id='line_1_3' title="bbox 126 297 803 364; baseline -0.007 -14"><span class='ocrx_word' id='word_1_5' title='bbox 126 301 165 350; x_wconf 87' lang='lat' dir='ltr'><strong>De</strong></span> <span class='ocrx_word' id='word_1_6' title='bbox 175 315 246 363; x_wconf 75' lang='lat' dir='ltr'><strong>grege</strong></span> <span class='ocrx_word' id='word_1_7' title='bbox 256 314 304 347; x_wconf 90' lang='lat' dir='ltr'><strong>non</strong></span> <span class='ocrx_word' id='word_1_8' title='bbox 314 298 390 347; x_wconf 80' lang='lat' dir='ltr'><strong>ausim</strong></span> <span class='ocrx_word' id='word_1_9' title='bbox 400 298 529 363; x_wconf 76' lang='lat' dir='ltr'><strong>quidquam</strong></span> <span class='ocrx_word' id='word_1_10' title='bbox 539 300 652 364; x_wconf 78' lang='lat' dir='ltr'>deponere</span> <span class='ocrx_word' id='word_1_11' title='bbox 662 305 739 347; x_wconf 84' lang='lat' dir='ltr'><strong>tecum</strong></span> <span class='ocrx_word' id='word_1_12' title='bbox 749 297 803 345; x_wconf 75' lang='lat'><strong>:32</strong></span> 
     </span>
     <span class='ocr_line' id='line_1_4' title="bbox 123 363 770 428; baseline -0.006 -13"><span class='ocrx_word' id='word_1_13' title='bbox 123 365 169 415; x_wconf 83' lang='lat' dir='ltr'><strong>Eat</strong></span> <span class='ocrx_word' id='word_1_14' title='bbox 179 365 237 412; x_wconf 88' lang='lat' dir='ltr'><strong>mihi</strong></span> <span class='ocrx_word' id='word_1_15' title='bbox 248 379 349 428; x_wconf 87' lang='lat' dir='ltr'><strong>namque</strong></span> <span class='ocrx_word' id='word_1_16' title='bbox 359 363 422 411; x_wconf 86' lang='lat' dir='ltr'><strong>domi</strong></span> <span class='ocrx_word' id='word_1_17' title='bbox 432 375 506 426; x_wconf 78' lang='lat' dir='ltr'><strong>pater,</strong></span> <span class='ocrx_word' id='word_1_18' title='bbox 517 375 552 413; x_wconf 78' lang='lat' dir='ltr'><strong>cat</strong></span> <span class='ocrx_word' id='word_1_19' title='bbox 561 366 648 425; x_wconf 86' lang='lat' dir='ltr'><strong>injusta</strong></span> <span class='ocrx_word' id='word_1_20' title='bbox 657 365 770 420; x_wconf 76' lang='lat' dir='ltr'><strong>noverca3</strong></span> 
     </span>
     <span class='ocr_line' id='line_1_5' title="bbox 123 428 762 493; baseline -0.009 -14"><span class='ocrx_word' id='word_1_21' title='bbox 123 431 212 493; x_wconf 87' lang='lat' dir='ltr'>Bisque</span> <span class='ocrx_word' id='word_1_22' title='bbox 222 430 259 477; x_wconf 89' lang='lat' dir='ltr'><strong>die</strong></span> <span class='ocrx_word' id='word_1_23' title='bbox 268 436 391 475; x_wconf 76' lang='lat' dir='ltr'><strong>numerant</strong></span> <span class='ocrx_word' id='word_1_24' title='bbox 402 430 472 475; x_wconf 86' lang='lat' dir='ltr'><strong>ambo</strong></span> <span class='ocrx_word' id='word_1_25' title='bbox 482 444 562 492; x_wconf 85' lang='lat' dir='ltr'><strong>pecus,</strong></span> <span class='ocrx_word' id='word_1_26' title='bbox 574 429 632 476; x_wconf 82' lang='lat' dir='ltr'><strong>alter</strong></span> <span class='ocrx_word' id='word_1_27' title='bbox 642 436 665 475; x_wconf 90' lang='lat' dir='ltr'><strong>et</strong></span> <span class='ocrx_word' id='word_1_28' title='bbox 675 428 762 475; x_wconf 77' lang='lat' dir='ltr'><strong>haedos.</strong></span> 
     </span>
     <span class='ocr_line' id='line_1_6' title="bbox 123 492 798 556; baseline -0.006 -14"><span class='ocrx_word' id='word_1_29' title='bbox 123 494 223 549; x_wconf 79' lang='lat' dir='ltr'><strong>Verum,</strong></span> <span class='ocrx_word' id='word_1_30' title='bbox 234 493 260 541; x_wconf 86' lang='lat' dir='ltr'><strong>id</strong></span> <span class='ocrx_word' id='word_1_31' title='bbox 271 492 333 556; x_wconf 89' lang='lat' dir='ltr'><strong>quod</strong></span> <span class='ocrx_word' id='word_1_32' title='bbox 343 493 419 540; x_wconf 79' lang='lat' dir='ltr'><strong>multe</strong></span> <span class='ocrx_word' id='word_1_33' title='bbox 430 500 480 541; x_wconf 83' lang='lat' dir='ltr'><strong>tute</strong></span> <span class='ocrx_word' id='word_1_34' title='bbox 490 494 539 556; x_wconf 86' lang='lat' dir='ltr'><strong>ipse</strong></span> <span class='ocrx_word' id='word_1_35' title='bbox 549 494 648 541; x_wconf 84' lang='lat' dir='ltr'><strong>fatebere</strong></span> <span class='ocrx_word' id='word_1_36' title='bbox 658 494 744 554; x_wconf 79' lang='lat' dir='ltr'><strong>majus,</strong></span> <span class='ocrx_word' id='word_1_37' title='bbox 762 492 798 539; x_wconf 75' lang='lat'><strong>35</strong></span> 
     </span>
     <span class='ocr_line' id='line_1_7' title="bbox 123 557 681 621; baseline -0.002 -16"><span class='ocrx_word' id='word_1_38' title='bbox 123 558 239 612; x_wconf 87' lang='lat' dir='ltr'><strong>(Insanire</strong></span> <span class='ocrx_word' id='word_1_39' title='bbox 250 558 307 605; x_wconf 82' lang='lat' dir='ltr'><strong>libet</strong></span> <span class='ocrx_word' id='word_1_40' title='bbox 316 557 427 620; x_wconf 86' lang='lat' dir='ltr'><strong>quoniam</strong></span> <span class='ocrx_word' id='word_1_41' title='bbox 438 557 491 615; x_wconf 77' lang='lat' dir='ltr'><strong>tibi)</strong></span> <span class='ocrx_word' id='word_1_42' title='bbox 501 560 585 621; x_wconf 82' lang='lat' dir='ltr'><strong>pocula</strong></span> <span class='ocrx_word' id='word_1_43' title='bbox 594 572 681 621; x_wconf 87' lang='lat' dir='ltr'><strong>ponam</strong></span> 
     </span>
     <span class='ocr_line' id='line_1_8' title="bbox 123 621 688 685; baseline -0.004 -15"><span class='ocrx_word' id='word_1_44' title='bbox 123 623 222 685; x_wconf 74' lang='lat' dir='ltr'><strong>Pugnis,</strong></span> <span class='ocrx_word' id='word_1_45' title='bbox 234 623 341 681; x_wconf 76' lang='lat' dir='ltr'><strong>caelatum</strong></span> <span class='ocrx_word' id='word_1_46' title='bbox 352 621 425 668; x_wconf 83' lang='lat' dir='ltr'><strong>divini</strong></span> <span class='ocrx_word' id='word_1_47' title='bbox 435 638 494 685; x_wconf 88' lang='lat' dir='ltr'><strong>opus</strong></span> <span class='ocrx_word' id='word_1_48' title='bbox 504 622 688 670; x_wconf 74' lang='lat' dir='ltr'><strong>Alcimedontise</strong></span> 
     </span>
     <span class='ocr_line' id='line_1_9' title="bbox 123 685 667 750; baseline -0.004 -15"><span class='ocrx_word' id='word_1_49' title='bbox 123 687 199 735; x_wconf 79' lang='lat' dir='ltr'><strong>Lenta</strong></span> <span class='ocrx_word' id='word_1_50' title='bbox 210 688 295 750; x_wconf 91' lang='lat' dir='ltr'><strong>quibus</strong></span> <span class='ocrx_word' id='word_1_51' title='bbox 306 695 371 733; x_wconf 85' lang='lat' dir='ltr'><strong>torno</strong></span> <span class='ocrx_word' id='word_1_52' title='bbox 382 685 444 733; x_wconf 85' lang='lat' dir='ltr'><strong>facili</strong></span> <span class='ocrx_word' id='word_1_53' title='bbox 455 687 604 749; x_wconf 84' lang='lat' dir='ltr'><strong>superaddita</strong></span> <span class='ocrx_word' id='word_1_54' title='bbox 613 686 667 733; x_wconf 87' lang='lat' dir='ltr'><strong>vitis</strong></span> 
     </span>
     <span class='ocr_line' id='line_1_10' title="bbox 124 750 649 815; baseline 0 -16"><span class='ocrx_word' id='word_1_55' title='bbox 124 752 229 800; x_wconf 82' lang='lat' dir='ltr'><strong>Diffusus</strong></span> <span class='ocrx_word' id='word_1_56' title='bbox 238 751 324 799; x_wconf 74' lang='lat' dir='ltr'><strong>hedeni</strong></span> <span class='ocrx_word' id='word_1_57' title='bbox 334 750 401 799; x_wconf 83' lang='lat' dir='ltr'><strong>vestit</strong></span> <span class='ocrx_word' id='word_1_58' title='bbox 411 750 512 813; x_wconf 80' lang='lat' dir='ltr'><strong>pallente</strong></span> <span class='ocrx_word' id='word_1_59' title='bbox 522 753 649 815; x_wconf 83' lang='lat' dir='ltr'><strong>corymbos·</strong></span> 
     </span>
     <span class='ocr_line' id='line_1_11' title="bbox 124 813 797 879; baseline -0.001 -16"><span class='ocrx_word' id='word_1_60' title='bbox 124 816 155 864; x_wconf 93' lang='lat' dir='ltr'><strong>In</strong></span> <span class='ocrx_word' id='word_1_61' title='bbox 165 816 242 864; x_wconf 87' lang='lat' dir='ltr'><strong>medio</strong></span> <span class='ocrx_word' id='word_1_62' title='bbox 252 815 299 863; x_wconf 86' lang='lat' dir='ltr'><strong>duo</strong></span> <span class='ocrx_word' id='word_1_63' title='bbox 307 815 386 877; x_wconf 79' lang='lat' dir='ltr'><strong>signa:</strong></span> <span class='ocrx_word' id='word_1_64' title='bbox 406 814 497 874; x_wconf 83' lang='lat' dir='ltr'><strong>Conon,</strong></span> <span class='ocrx_word' id='word_1_65' title='bbox 505 825 536 874; x_wconf 81' lang='lat' dir='ltr'><strong>et,</strong></span> <span class='ocrx_word' id='word_1_66' title='bbox 546 816 599 879; x_wconf 88' lang='lat' dir='ltr'><strong>quis</strong></span> <span class='ocrx_word' id='word_1_67' title='bbox 608 815 654 863; x_wconf 83' lang='lat' dir='ltr'><strong>suit</strong></span> <span class='ocrx_word' id='word_1_68' title='bbox 664 813 730 873; x_wconf 83' lang='lat' dir='ltr'><strong>alter,</strong></span> <span class='ocrx_word' id='word_1_69' title='bbox 763 813 797 862; x_wconf 80' lang='grc'><strong>40</strong></span> 
     </span>
     <span class='ocr_line' id='line_1_12' title="bbox 123 879 689 943; baseline 0 -16"><span class='ocrx_word' id='word_1_70' title='bbox 123 880 251 943; x_wconf 81' lang='lat' dir='ltr'><strong>Descnipsit</strong></span> <span class='ocrx_word' id='word_1_71' title='bbox 262 879 328 927; x_wconf 87' lang='lat' dir='ltr'><strong>radio</strong></span> <span class='ocrx_word' id='word_1_72' title='bbox 337 888 412 927; x_wconf 76' lang='lat' dir='ltr'><strong>tetum</strong></span> <span class='ocrx_word' id='word_1_73' title='bbox 424 880 465 943; x_wconf 92' lang='lat' dir='ltr'><strong>qui</strong></span> <span class='ocrx_word' id='word_1_74' title='bbox 476 881 583 943; x_wconf 78' lang='lat' dir='ltr'><strong>gentibus</strong></span> <span class='ocrx_word' id='word_1_75' title='bbox 593 881 689 935; x_wconf 71' lang='lat' dir='ltr'><strong>orbem</strong></span> 
     </span>
     <span class='ocr_line' id='line_1_13' title="bbox 123 944 778 1008; baseline -0.003 -15"><span class='ocrx_word' id='word_1_76' title='bbox 123 945 242 1007; x_wconf 75' lang='lat' dir='ltr'><strong>Tempora</strong></span> <span class='ocrx_word' id='word_1_77' title='bbox 253 959 305 1007; x_wconf 78' lang='lat' dir='ltr'><strong>quse</strong></span> <span class='ocrx_word' id='word_1_78' title='bbox 316 958 411 1002; x_wconf 82' lang='lat' dir='ltr'><strong>messor,</strong></span> <span class='ocrx_word' id='word_1_79' title='bbox 422 960 477 1008; x_wconf 80' lang='lat' dir='ltr'><strong>quae</strong></span> <span class='ocrx_word' id='word_1_80' title='bbox 487 960 571 993; x_wconf 70' lang='lat' dir='ltr'><strong>wreus</strong></span> <span class='ocrx_word' id='word_1_81' title='bbox 581 952 656 993; x_wconf 83' lang='lat' dir='ltr'><strong>arator</strong></span> <span class='ocrx_word' id='word_1_82' title='bbox 666 944 778 991; x_wconf 73' lang='lat' dir='ltr'><strong>haberet?</strong></span> 
     </span>
     <span class='ocr_line' id='line_1_14' title="bbox 123 1007 714 1069; baseline -0.005 -12"><span class='ocrx_word' id='word_1_83' title='bbox 123 1008 233 1057; x_wconf 85' lang='lat' dir='ltr'><strong>Necdum</strong></span> <span class='ocrx_word' id='word_1_84' title='bbox 243 1007 289 1056; x_wconf 85' lang='lat' dir='ltr'><strong>illis</strong></span> <span class='ocrx_word' id='word_1_85' title='bbox 299 1008 365 1057; x_wconf 81' lang='lat' dir='ltr'><strong>labra</strong></span> <span class='ocrx_word' id='word_1_86' title='bbox 374 1008 476 1069; x_wconf 85' lang='lat' dir='ltr'><strong>admovi,</strong></span> <span class='ocrx_word' id='word_1_87' title='bbox 487 1009 528 1057; x_wconf 84' lang='lat' dir='ltr'><strong>aad</strong></span> <span class='ocrx_word' id='word_1_88' title='bbox 539 1009 632 1057; x_wconf 83' lang='lat' dir='ltr'><strong>condita</strong></span> <span class='ocrx_word' id='word_1_89' title='bbox 642 1023 714 1057; x_wconf 83' lang='lat' dir='ltr'><strong>servo.</strong></span> 
     </span>
    </p>
   </div>
   <div class='ocr_carea' id='block_1_3' title="bbox 98 1136 795 1530">
    <p class='ocr_par' dir='ltr' id='par_1_3' title="bbox 207 1136 581 1175">
     <span class='ocr_line' id='line_1_15' title="bbox 207 1136 581 1175; baseline -0.008 0"><span class='ocrx_word' id='word_1_90' title='bbox 207 1166 211 1175; x_wconf 78' lang='grc'><strong>,</strong></span> <span class='ocrx_word' id='word_1_91' title='bbox 389 1136 533 1173; x_wconf 67' lang='lat' dir='ltr'><strong>uincens.</strong></span> <span class='ocrx_word' id='word_1_92' title='bbox 577 1150 581 1155; x_wconf 90' lang='lat'><em>-</em></span> 
     </span>
    </p>

    <p class='ocr_par' dir='ltr' id='par_1_4' title="bbox 98 1206 675 1271">
     <span class='ocr_line' id='line_1_16' title="bbox 98 1206 675 1271; baseline -0.007 -14"><span class='ocrx_word' id='word_1_93' title='bbox 98 1237 100 1241; x_wconf 95' lang='lat'>·</span> <span class='ocrx_word' id='word_1_94' title='bbox 123 1208 157 1257; x_wconf 85' lang='lat' dir='ltr'><strong>Et</strong></span> <span class='ocrx_word' id='word_1_95' title='bbox 166 1208 233 1257; x_wconf 86' lang='lat' dir='ltr'><strong>nobis</strong></span> <span class='ocrx_word' id='word_1_96' title='bbox 243 1208 306 1256; x_wconf 89' lang='lat' dir='ltr'><strong>idem</strong></span> <span class='ocrx_word' id='word_1_97' title='bbox 313 1206 453 1257; x_wconf 78' lang='lat' dir='ltr'><strong>Alcimedon</strong></span> <span class='ocrx_word' id='word_1_98' title='bbox 462 1207 510 1255; x_wconf 85' lang='lat' dir='ltr'><strong>duo</strong></span> <span class='ocrx_word' id='word_1_99' title='bbox 520 1207 603 1271; x_wconf 70' lang='lat' dir='ltr'><strong>pecnnia</strong></span> <span class='ocrx_word' id='word_1_100' title='bbox 612 1206 675 1266; x_wconf 82' lang='lat' dir='ltr'><strong>fecit,</strong></span> 
     </span>
    </p>

    <p class='ocr_par' dir='ltr' id='par_1_5' title="bbox 124 1272 795 1530">
     <span class='ocr_line' id='line_1_17' title="bbox 124 1272 795 1329; baseline -0.001 -8"><span class='ocrx_word' id='word_1_101' title='bbox 124 1274 158 1321; x_wconf 85' lang='lat' dir='ltr'><strong>Et</strong></span> <span class='ocrx_word' id='word_1_102' title='bbox 167 1273 233 1321; x_wconf 80' lang='lat' dir='ltr'><strong>molli</strong></span> <span class='ocrx_word' id='word_1_103' title='bbox 243 1273 330 1321; x_wconf 87' lang='lat' dir='ltr'><strong>circum</strong></span> <span class='ocrx_word' id='word_1_104' title='bbox 341 1280 375 1321; x_wconf 85' lang='lat' dir='ltr'><strong>est</strong></span> <span class='ocrx_word' id='word_1_105' title='bbox 386 1286 451 1320; x_wconf 86' lang='lat' dir='ltr'><strong>ansae</strong></span> <span class='ocrx_word' id='word_1_106' title='bbox 462 1288 501 1319; x_wconf 84' lang='lat' dir='ltr'><strong>am</strong></span> <span class='ocrx_word' id='word_1_107' title='bbox 517 1273 584 1319; x_wconf 86' lang='lat' dir='ltr'><strong>lexus</strong></span> <span class='ocrx_word' id='word_1_108' title='bbox 594 1272 707 1329; x_wconf 78' lang='lat' dir='ltr'><strong>acanth03</strong></span> <span class='ocrx_word' id='word_1_109' title='bbox 762 1272 795 1320; x_wconf 73' lang='lat' dir='ltr'><strong>dc</strong></span> 
     </span>
     <span class='ocr_line' id='line_1_18' title="bbox 124 1335 748 1401; baseline 0 -16"><span class='ocrx_word' id='word_1_110' title='bbox 124 1338 265 1401; x_wconf 75' lang='lat' dir='ltr'><strong>Orpheaque</strong></span> <span class='ocrx_word' id='word_1_111' title='bbox 275 1337 299 1385; x_wconf 91' lang='lat' dir='ltr'><strong>in</strong></span> <span class='ocrx_word' id='word_1_112' title='bbox 310 1336 387 1385; x_wconf 88' lang='lat' dir='ltr'><strong>medio</strong></span> <span class='ocrx_word' id='word_1_113' title='bbox 456 1335 484 1394; x_wconf 86' lang='lat' dir='ltr'><strong>it,</strong></span> <span class='ocrx_word' id='word_1_114' title='bbox 523 1352 609 1399; x_wconf 80' lang='lat' dir='ltr'><strong>vasque</strong></span> <span class='ocrx_word' id='word_1_115' title='bbox 619 1344 748 1400; x_wconf 76' lang='lat' dir='ltr'><strong>sequentes.</strong></span> 
     </span>
     <span class='ocr_line' id='line_1_19' title="bbox 125 1400 793 1459; baseline -0.004 -8"><span class='ocrx_word' id='word_1_116' title='bbox 125 1402 234 1452; x_wconf 82' lang='lat' dir='ltr'><strong>Necdum</strong></span> <span class='ocrx_word' id='word_1_117' title='bbox 244 1401 291 1451; x_wconf 85' lang='lat' dir='ltr'><strong>illis</strong></span> <span class='ocrx_word' id='word_1_118' title='bbox 300 1402 367 1451; x_wconf 86' lang='lat' dir='ltr'><strong>labra</strong></span> <span class='ocrx_word' id='word_1_119' title='bbox 407 1400 479 1459; x_wconf 83' lang='lat' dir='ltr'><strong>movi,</strong></span> <span class='ocrx_word' id='word_1_120' title='bbox 490 1400 531 1449; x_wconf 83' lang='lat' dir='ltr'><strong>sed</strong></span> <span class='ocrx_word' id='word_1_121' title='bbox 539 1401 630 1449; x_wconf 80' lang='lat' dir='ltr'><strong>condita</strong></span> <span class='ocrx_word' id='word_1_122' title='bbox 641 1417 714 1449; x_wconf 84' lang='lat' dir='ltr'><strong>servo.</strong></span> <span class='ocrx_word' id='word_1_123' title='bbox 790 1411 793 1419; x_wconf 67' lang='lat'><strong><em>⁴</em></strong></span> 
     </span>
     <span class='ocr_line' id='line_1_20' title="bbox 124 1465 778 1530; baseline -0.002 -15"><span class='ocrx_word' id='word_1_124' title='bbox 124 1465 151 1515; x_wconf 83' lang='lat' dir='ltr'><strong>Si</strong></span> <span class='ocrx_word' id='word_1_125' title='bbox 159 1466 189 1515; x_wconf 89' lang='lat' dir='ltr'><strong>ad</strong></span> <span class='ocrx_word' id='word_1_126' title='bbox 197 1466 294 1515; x_wconf 87' lang='lat' dir='ltr'><strong>vitulam</strong></span> <span class='ocrx_word' id='word_1_127' title='bbox 302 1474 399 1530; x_wconf 82' lang='lat' dir='ltr'><strong>spectas,</strong></span> <span class='ocrx_word' id='word_1_128' title='bbox 409 1465 468 1512; x_wconf 81' lang='lat' dir='ltr'><strong>nihil</strong></span> <span class='ocrx_word' id='word_1_129' title='bbox 479 1473 513 1513; x_wconf 85' lang='lat' dir='ltr'><strong>est</strong></span> <span class='ocrx_word' id='word_1_130' title='bbox 523 1465 587 1529; x_wconf 87' lang='lat' dir='ltr'><strong>quud</strong></span> <span class='ocrx_word' id='word_1_131' title='bbox 596 1465 680 1529; x_wconf 84' lang='lat' dir='ltr'><strong>pocula</strong></span> <span class='ocrx_word' id='word_1_132' title='bbox 689 1465 778 1514; x_wconf 77' lang='lat' dir='ltr'><strong>laudea</strong></span> 
     </span>
    </p>
   </div>
   <div class='ocr_carea' id='block_1_4' title="bbox 124 1594 797 1923">
    <p class='ocr_par' dir='ltr' id='par_1_6' title="bbox 124 1594 797 1923">
     <span class='ocr_line' id='line_1_21' title="bbox 390 1594 539 1631; baseline 0.013 -2"><span class='ocrx_word' id='word_1_133' title='bbox 390 1594 539 1631; x_wconf 71' lang='lat' dir='ltr'><strong>nunnioni.</strong></span> 
     </span>
     <span class='ocr_line' id='line_1_22' title="bbox 124 1663 797 1746; baseline -0.004 -33"><span class='ocrx_word' id='word_1_134' title='bbox 124 1663 340 1746; x_wconf 42' lang='lat' dir='ltr'><strong>&amp;widh</strong></span> <span class='ocrx_word' id='word_1_135' title='bbox 356 1664 466 1728; x_wconf 78' lang='lat' dir='ltr'><strong>effugics3</strong></span> <span class='ocrx_word' id='word_1_136' title='bbox 483 1665 584 1725; x_wconf 86' lang='lat' dir='ltr'><strong>veniam,</strong></span> <span class='ocrx_word' id='word_1_137' title='bbox 596 1679 744 1729; x_wconf 86' lang='lat' dir='ltr'><strong>quocumque</strong></span> <span class='ocrx_word' id='word_1_138' title='bbox 756 1677 797 1710; x_wconf 68' lang='lat' dir='ltr'><strong>vo·</strong></span> 
     </span>
     <span class='ocr_line' id='line_1_23' title="bbox 124 1744 789 1858; baseline 0.006 -16"><span class='ocrx_word' id='word_1_139' title='bbox 124 1794 215 1842; x_wconf 84' lang='lat' dir='ltr'><strong>Audiat</strong></span> <span class='ocrx_word' id='word_1_140' title='bbox 221 1744 287 1843; x_wconf 39' lang='lat' dir='ltr'><strong>ciliis.</strong></span> <span class='ocrx_word' id='word_1_141' title='bbox 285 1802 386 1855; x_wconf 84' lang='lat' dir='ltr'><strong>tantum,</strong></span> <span class='ocrx_word' id='word_1_142' title='bbox 397 1795 443 1854; x_wconf 84' lang='lat' dir='ltr'><strong>vel,</strong></span> <span class='ocrx_word' id='word_1_143' title='bbox 454 1793 496 1858; x_wconf 90' lang='lat' dir='ltr'><strong>qui</strong></span> <span class='ocrx_word' id='word_1_144' title='bbox 507 1794 578 1854; x_wconf 79' lang='lat' dir='ltr'><strong>venit,</strong></span> <span class='ocrx_word' id='word_1_145' title='bbox 590 1811 649 1851; x_wconf 81' lang='lat' dir='ltr'><strong>ecce,</strong></span> <span class='ocrx_word' id='word_1_146' title='bbox 661 1795 789 1848; x_wconf 72' lang='lat' dir='ltr'><strong>Palaemon·</strong></span> 
     </span>
     <span class='ocr_line' id='line_1_24' title="bbox 124 1859 720 1923; baseline 0 -16"><span class='ocrx_word' id='word_1_147' title='bbox 124 1859 242 1918; x_wconf 84' lang='lat' dir='ltr'><strong>Efficiam,</strong></span> <span class='ocrx_word' id='word_1_148' title='bbox 253 1859 348 1922; x_wconf 72' lang='lat' dir='ltr'><strong>posthm</strong></span> <span class='ocrx_word' id='word_1_149' title='bbox 357 1873 387 1906; x_wconf 89' lang='lat' dir='ltr'><strong>ne</strong></span> <span class='ocrx_word' id='word_1_150' title='bbox 398 1874 541 1923; x_wconf 88' lang='lat' dir='ltr'><strong>quemquam</strong></span> <span class='ocrx_word' id='word_1_151' title='bbox 551 1875 606 1908; x_wconf 87' lang='lat' dir='ltr'><strong>voce</strong></span> <span class='ocrx_word' id='word_1_152' title='bbox 615 1860 720 1907; x_wconf 80' lang='lat' dir='ltr'><strong>lacessas.</strong></span> 
     </span>
    </p>
   </div>
   <div class='ocr_carea' id='block_1_5' title="bbox 100 2002 796 2267">
    <p class='ocr_par' dir='ltr' id='par_1_7' title="bbox 100 2002 796 2267">
     <span class='ocr_line' id='line_1_25' title="bbox 391 2002 616 2043; baseline -0.009 -4"><span class='ocrx_word' id='word_1_153' title='bbox 391 2002 447 2039; x_wconf 73' lang='lat' dir='ltr'><strong>nnn</strong></span> <span class='ocrx_word' id='word_1_154' title='bbox 452 2004 531 2039; x_wconf 74' lang='lat' dir='ltr'><strong>oenns.</strong></span> <span class='ocrx_word' id='word_1_155' title='bbox 611 2032 616 2043; x_wconf 92' lang='grc'>,</span> 
     </span>
     <span class='ocr_line' id='line_1_26' title="bbox 125 2071 795 2136; baseline 0.004 -18"><span class='ocrx_word' id='word_1_156' title='bbox 125 2071 191 2131; x_wconf 89' lang='lat' dir='ltr'><strong>Quin</strong></span> <span class='ocrx_word' id='word_1_157' title='bbox 202 2088 253 2135; x_wconf 78' lang='lat' dir='ltr'><strong>age,</strong></span> <span class='ocrx_word' id='word_1_158' title='bbox 265 2072 342 2136; x_wconf 80' lang='lat' dir='ltr'><strong>siquid</strong></span> <span class='ocrx_word' id='word_1_159' title='bbox 352 2072 438 2131; x_wconf 87' lang='lat' dir='ltr'><strong>habes;</strong></span> <span class='ocrx_word' id='word_1_160' title='bbox 455 2072 481 2119; x_wconf 92' lang='lat' dir='ltr'><strong>in</strong></span> <span class='ocrx_word' id='word_1_161' title='bbox 494 2088 533 2121; x_wconf 84' lang='lat' dir='ltr'><strong>me</strong></span> <span class='ocrx_word' id='word_1_162' title='bbox 547 2088 613 2119; x_wconf 84' lang='lat' dir='ltr'><strong>mora</strong></span> <span class='ocrx_word' id='word_1_163' title='bbox 622 2088 669 2120; x_wconf 92' lang='lat' dir='ltr'><strong>non</strong></span> <span class='ocrx_word' id='word_1_164' title='bbox 680 2073 723 2121; x_wconf 81' lang='lat' dir='ltr'><strong>erit</strong></span> <span class='ocrx_word' id='word_1_165' title='bbox 732 2074 795 2131; x_wconf 66' lang='lat' dir='ltr'><strong>ullae</strong></span> 
     </span>
     <span class='ocr_line' id='line_1_27' title="bbox 128 2137 763 2201; baseline 0.003 -17"><span class='ocrx_word' id='word_1_166' title='bbox 128 2137 181 2184; x_wconf 87' lang='lat' dir='ltr'><strong>Nec</strong></span> <span class='ocrx_word' id='word_1_167' title='bbox 191 2152 333 2201; x_wconf 81' lang='lat' dir='ltr'><strong>quemquam</strong></span> <span class='ocrx_word' id='word_1_168' title='bbox 344 2138 423 2200; x_wconf 73' lang='lat' dir='ltr'><strong>fugies</strong></span> <span class='ocrx_word' id='word_1_169' title='bbox 441 2145 542 2197; x_wconf 67' lang='lat' dir='ltr'><strong>tantum,</strong></span> <span class='ocrx_word' id='word_1_170' title='bbox 553 2137 626 2185; x_wconf 82' lang='lat' dir='ltr'><strong>vicine</strong></span> <span class='ocrx_word' id='word_1_171' title='bbox 635 2138 763 2196; x_wconf 75' lang='lat' dir='ltr'><strong>Palemon,</strong></span> 
     </span>
     <span class='ocr_line' id='line_1_28' title="bbox 100 2200 796 2267; baseline 0 -17"><span class='ocrx_word' id='word_1_172' title='bbox 100 2222 106 2237; x_wconf 87' lang='lat'><strong>·</strong></span> <span class='ocrx_word' id='word_1_173' title='bbox 124 2202 235 2251; x_wconf 80' lang='lat' dir='ltr'><strong>Sensibus</strong></span> <span class='ocrx_word' id='word_1_174' title='bbox 245 2202 295 2251; x_wconf 83' lang='lat' dir='ltr'><strong>haec</strong></span> <span class='ocrx_word' id='word_1_175' title='bbox 306 2202 359 2251; x_wconf 87' lang='lat' dir='ltr'><strong>imis</strong></span> <span class='ocrx_word' id='word_1_176' title='bbox 371 2204 418 2267; x_wconf 82' lang='lat' dir='ltr'><strong>(nes</strong></span> <span class='ocrx_word' id='word_1_177' title='bbox 429 2210 462 2249; x_wconf 80' lang='lat' dir='ltr'><strong>est</strong></span> <span class='ocrx_word' id='word_1_178' title='bbox 473 2217 520 2250; x_wconf 92' lang='lat' dir='ltr'><strong>non</strong></span> <span class='ocrx_word' id='word_1_179' title='bbox 531 2200 613 2266; x_wconf 83' lang='lat' dir='ltr'><strong>parva)</strong></span> <span class='ocrx_word' id='word_1_180' title='bbox 625 2218 728 2267; x_wconf 83' lang='lat' dir='ltr'><strong>reponas.</strong></span> <span class='ocrx_word' id='word_1_181' title='bbox 762 2203 796 2250; x_wconf 79' lang='lat'><strong>54</strong></span> 
     </span>
    </p>
   </div>
   <div class='ocr_carea' id='block_1_6' title="bbox 20 2332 786 2592">
    <p class='ocr_par' dir='ltr' id='par_1_8' title="bbox 20 2332 786 2592">
     <span class='ocr_line' id='line_1_29' title="bbox 391 2332 532 2369; baseline 0 -1"><span class='ocrx_word' id='word_1_182' title='bbox 391 2332 532 2369; x_wconf 63' lang='lat' dir='ltr'><strong>fiennon.</strong></span> 
     </span>
     <span class='ocr_line' id='line_1_30' title="bbox 123 2399 786 2466; baseline 0 -17"><span class='ocrx_word' id='word_1_183' title='bbox 123 2401 214 2451; x_wconf 80' lang='lat' dir='ltr'><strong>Dicite:</strong></span> <span class='ocrx_word' id='word_1_184' title='bbox 232 2402 419 2466; x_wconf 87' lang='lat' dir='ltr'><strong>quandoquidem</strong></span> <span class='ocrx_word' id='word_1_185' title='bbox 430 2402 455 2449; x_wconf 93' lang='lat' dir='ltr'><strong>in</strong></span> <span class='ocrx_word' id='word_1_186' title='bbox 466 2402 532 2450; x_wconf 84' lang='lat' dir='ltr'><strong>molli</strong></span> <span class='ocrx_word' id='word_1_187' title='bbox 542 2401 686 2450; x_wconf 72' lang='lat' dir='ltr'><strong>cunaediruue</strong></span> <span class='ocrx_word' id='word_1_188' title='bbox 696 2399 786 2458; x_wconf 66' lang='lat' dir='ltr'><strong>hetbiz</strong></span> 
     </span>
     <span class='ocr_line' id='line_1_31' title="bbox 20 2466 745 2580; baseline -0.004 -65"><span class='ocrx_word' id='word_1_189' title='bbox 20 2468 23 2475; x_wconf 87' lang='lat'>&#39;</span> <span class='ocrx_word' id='word_1_190' title='bbox 123 2466 158 2515; x_wconf 84' lang='lat' dir='ltr'><strong>Et</strong></span> <span class='ocrx_word' id='word_1_191' title='bbox 168 2480 230 2514; x_wconf 89' lang='lat' dir='ltr'><strong>nunc</strong></span> <span class='ocrx_word' id='word_1_192' title='bbox 239 2467 315 2515; x_wconf 79' lang='lat' dir='ltr'><strong>omnis</strong></span> <span class='ocrx_word' id='word_1_193' title='bbox 322 2482 387 2580; x_wconf 60' lang='lat' dir='ltr'><strong>:paq</strong></span> <span class='ocrx_word' id='word_1_194' title='bbox 399 2482 462 2515; x_wconf 90' lang='lat' dir='ltr'><strong>nunc</strong></span> <span class='ocrx_word' id='word_1_195' title='bbox 472 2467 548 2514; x_wconf 85' lang='lat' dir='ltr'><strong>omnis</strong></span> <span class='ocrx_word' id='word_1_196' title='bbox 558 2466 658 2541; x_wconf 67' lang='lat' dir='ltr'><strong>panturit</strong></span> <span class='ocrx_word' id='word_1_197' title='bbox 668 2468 745 2525; x_wconf 81' lang='lat' dir='ltr'><strong>arbos,</strong></span> 
     </span>
     <span class='ocr_line' id='line_1_32' title="bbox 124 2530 747 2592; baseline 0.003 -15"><span class='ocrx_word' id='word_1_198' title='bbox 124 2530 196 2579; x_wconf 85' lang='lat' dir='ltr'><strong>Nunc</strong></span> <span class='ocrx_word' id='word_1_199' title='bbox 205 2530 313 2581; x_wconf 78' lang='lat' dir='ltr'><strong>frendant</strong></span> <span class='ocrx_word' id='word_1_200' title='bbox 351 2546 394 2592; x_wconf 75' lang='lat' dir='ltr'><strong>ve,</strong></span> <span class='ocrx_word' id='word_1_201' title='bbox 405 2545 468 2584; x_wconf 87' lang='lat' dir='ltr'><strong>nunc</strong></span> <span class='ocrx_word' id='word_1_202' title='bbox 477 2531 655 2579; x_wconf 66' lang='lat' dir='ltr'><strong>summumne</strong></span> <span class='ocrx_word' id='word_1_203' title='bbox 664 2544 747 2579; x_wconf 79' lang='lat' dir='ltr'><strong>annus.</strong></span> 
     </span>
    </p>
   </div>
   <div class='ocr_carea' id='block_1_7' title="bbox 0 0 951 2917">
    <p class='ocr_par' dir='ltr' id='par_1_9' title="bbox 0 0 951 2917">
     <span class='ocr_line' id='line_1_33' title="bbox 0 0 951 2917; baseline 0 0"><span class='ocrx_word' id='word_1_204' title='bbox 0 0 951 2917; x_wconf 95' lang='lat' dir='ltr'><strong> </strong></span> 
     </span>
    </p>
   </div>
  </div>
 </body>
</html>
