1892 2917
290 137 293 149 ι
340 62 463 145 unare
479 95 526 144 vr.
543 94 599 151 sot.
753 93 803 142 sss

139 225 264 274 cosmo
273 224 315 274 oe
324 224 419 286 rrum,
431 224 540 286 rom
550 223 624 288 non
633 221 717 287 sense
752 220 805 278 ιιι

138 291 173 338 Et
182 291 270 353 Capys,
281 299 305 338 et
316 291 435 350 mimicos,
446 289 521 353 etqui
531 298 554 337 te
564 288 658 336 nornine
667 286 747 336 reddet
801 329 807 338 .

139 355 226 403 Silvius
236 356 333 414 AEness,
344 355 429 417 pariter
438 354 523 416 pietate
533 353 571 400 vel
580 353 651 400 armis
758 350 807 406 76⁰

138 419 263 482 Egregius,
274 419 295 466 si
305 433 409 483 unquam
419 417 561 481 regnandam
572 416 683 479 occeperit
692 416 791 464 Albam.

140 484 192 543 Qui
200 485 297 545 juvenes
307 492 407 547 quantas
417 490 541 542 ostentant,
553 481 653 544 odspIce,
667 480 740 528 viresl

139 547 185 608 At,
197 549 238 610 qoi
248 550 355 595 umbrata
365 556 448 610 genmt
458 547 521 594 civili
533 555 638 608 tempora
649 559 742 608 quercu,

140 612 177 660 Hi
186 612 230 659 tibi
241 613 395 670 Nomentum,
406 621 430 659 et
440 611 537 670 Gabios,
548 613 675 672 urbemque
686 608 808 667 Fidenam,

140 676 176 725 Hi
187 676 314 724 Collatinas
323 677 443 738 imponent
452 675 571 722 montibus
581 687 651 734 orces,
760 673 808 728 774

142 738 238 804 [laude
248 740 366 802 pudicitia
376 740 484 798 celebres,
496 739 626 802 addentque
637 737 759 800 superbos]

142 805 269 864 Pometios,
281 805 436 868 Castrumque
446 803 510 863 Inui,
520 803 659 867 Bolamque,
672 803 809 864 Coramque.

97 919 100 925 ,
143 868 203 917 Hoc
221 878 274 916 tum
293 869 389 917 nomina
406 877 482 929 eunt,
497 882 560 915 nunc
577 875 632 916 sunt
649 866 699 914 sine
716 865 810 914 nomine

126 1061 130 1063 Β
143 997 210 1058 Quin
221 1007 244 1046 et
254 1014 297 1046 avo
308 998 416 1046 comitem
425 1012 475 1046 sese
485 998 616 1046 Mavortius
627 996 696 1045 addet

143 1063 275 1118 Romulum
291 1063 400 1110 Αιιιιιιιιιτί
409 1076 480 1125 quem
491 1061 609 1124 sanguinis
620 1061 666 1108 Ilia
675 1067 750 1108 mater

144 1127 243 1175 Educet.
259 1125 738 1188 Vide’n'utgeminaestantvertioecristoe,
762 1119 811 1178 700

144 1191 179 1238 Et
188 1200 253 1253 poter
262 1191 312 1254 ipse
321 1204 364 1238 suo
375 1191 490 1251 Superum
498 1191 548 1250 J'am
559 1189 635 1252 signat
644 1189 749 1237 honore?

144 1256 194 1315 Iin,
205 1256 285 1316 hujus,
296 1264 359 1312 nate,
371 1253 479 1316 auspiciis
489 1253 531 1301 illa
540 1253 627 1316 inclyta
638 1253 716 1302 Roma

145 1320 275 1384 Imperium
286 1319 360 1377 terris,
371 1318 460 1366 anhnos
470 1318 572 1392 aequabit
582 1317 694 1380 Olympo,

59 1415 64 1435 t
144 1385 286 1446 septemque
295 1398 343 1430 una
353 1382 399 1430 sibi
407 1397 475 1429 muro
485 1381 636 1430 circumdabit
646 1397 716 1442 arces,

144 1447 214 1496 Felix
224 1447 288 1510 prole
298 1447 389 1501 virdm3
406 1446 482 1510 qualis
492 1445 629 1510 Berecyntio
640 1446 718 1494 Mater
764 1444 812 1500 785

144 1512 266 1560 Invehitur
276 1527 344 1558 curm
358 1510 472 1574 Phrygias
483 1511 564 1558 turrita
573 1525 615 1572 per
624 1512 701 1570 urbes,

145 1577 213 1626 heta
223 1577 302 1625 Deum
312 1584 389 1639 parto,
400 1584 494 1623 centum
504 1573 625 1637 complexe
634 1583 736 1638 nepotes,

146 1641 237 1690 Omnes
246 1640 368 1696 celioolas,
379 1654 459 1688 omnes
469 1653 553 1702 supera
563 1639 611 1686 alta
620 1647 730 1687 tenentes.

146 1706 204 1755 Huc
211 1704 383 1768 gemmmnunc
390 1704 455 1752 flecte
461 1704 534 1760 aciem
546 1703 606 1750 hauc
612 1703 704 1766 adspice
712 1710 813 1766 gentem,

145 1771 312 1832 Romanosque
320 1777 379 1817 tuoe
408 1770 458 1816 Hic
468 1768 554 1828 Caesar,
566 1776 589 1815 et
599 1767 674 1814 omnis
685 1767 734 1815 Iuli
766 1767 815 1823 790
892 1823 893 1826 ¹

145 1834 281 1898 Progenies,
292 1847 405 1896 magnum
415 1833 466 1881 curii
476 1841 573 1881 ventura
582 1834 627 1880 sub
637 1847 712 1880 axem.

147 1900 196 1948 Hic
206 1899 249 1957 vir,
261 1897 299 1945 hic
309 1907 352 1954 est,
363 1897 406 1945 tihi
417 1913 487 1961 quem
497 1897 601 1961 promitti
611 1897 695 1958 sepius
705 1895 781 1955 audis,

145 1965 271 2026 Augustus
282 1962 367 2021 Cesar,
379 1962 436 2011 Divi
445 1977 534 2024 genus3
552 1977 621 2009 aurea
631 1961 712 2010 condet

146 2028 238 2092 Secula
247 2027 290 2091 qui
300 2041 379 2074 rursus
389 2027 467 2086 latio,
479 2035 574 2089 regnata
583 2041 624 2088 per
634 2041 689 2074 arva
766 2024 814 2080 794

142 2093 247 2142 Sammo
257 2091 392 2167 quondam
409 2106 478 2154 super
488 2099 511 2138 et
522 2093 675 2140 Garamantas
685 2098 709 2138 et
719 2089 792 2137 Indos

147 2157 252 2206 Proieret
261 2155 393 2219 1mpe'rium.
419 2158 489 2205 iacet
499 2165 564 2204 extra
574 2155 648 2202 nidera
657 2155 735 2215 tellus,

147 2223 223 2270 Extra
233 2221 289 2268 anni
299 2221 406 2284 Solisque
416 2221 473 2279 vias,
485 2221 526 2268 ubi
537 2219 621 2268 celiter
630 2219 701 2268 Atlas

147 2288 228 2335 Axem
237 2286 335 2333 humer'o
345 2293 436 2348 torquet
446 2285 518 2333 stellis
529 2283 660 2332 ardentibus
671 2292 760 2346 aptum.

148 2351 229 2412 Hujus
239 2350 265 2396 in
275 2349 401 2396 adventum
409 2351 460 2411 J'em
470 2363 533 2396 nunc
544 2357 567 2397 et
577 2348 662 2410 Caspia
672 2363 744 2411 regno

148 2414 277 2477 Responsio
285 2414 380 2461 horrent
389 2414 488 2474 Divirm,
500 2423 523 2462 et
533 2414 631 2462 Moeotio
641 2412 718 2472 tellus,
768 2413 816 2460 000

147 2480 182 2528 Et
191 2478 366 2541 septemgemini
377 2480 471 2526 turbant
481 2479 570 2540 trepido
580 2478 639 2525 ostia
649 2477 708 2524 Nili.

147 2544 199 2592 Nec
209 2559 263 2592 vero
273 2542 370 2590 Alcides
380 2551 472 2590 tantam
483 2543 571 2590 telluris
582 2541 668 2597 obivit3

74 2605 76 2615 '
147 2607 236 2656 Fixerit
245 2607 367 2670 aeripedem
378 2622 469 2656 cervam
478 2607 540 2667 licet,
552 2617 593 2656 eut
603 2605 744 2669 Erymanthi

145 2671 239 2721 Pacirit
249 2686 352 2734 nonore,
364 2680 387 2720 et
398 2672 500 2727 hemum
510 2667 659 2722 unnefeoerit
670 2685 740 2726 arcus
