1892 2917
131 107 180 163 272
343 103 467 154 AENEIS.
486 103 534 152 IX.
551 105 592 152 25.

163 237 269 300 Jamque
278 233 355 282 omnis
365 233 455 296 eampis
466 233 580 282 exereitus
590 231 640 280 ssiat
650 229 744 294 apertis,
778 233 815 278 26

133 301 206 348 Dives
217 300 312 363 equum,
324 298 389 346 diues
405 299 477 361 pictai
488 298 558 346 vestis
569 305 593 346 et
603 297 662 345 auri.

133 365 259 426 Messapus
270 364 358 426 primns
368 364 437 423 acies,
449 372 567 426 postrema
578 363 683 410 ooiiroent

134 428 258 494 Tyrrhidae
266 431 379 490 juvmesr
395 429 475 480 modio
485 427 535 478 dux
546 427 641 491 agmine
652 427 751 478 Turnus

134 495 251 559 [Vertitur
261 509 327 541 arma
337 503 427 551 tenens,
438 502 462 541 et
473 502 522 540 toto
533 492 616 540 vertice
627 507 698 554 supra
709 500 744 540 est
752 489 773 552 ε]

135 560 184 607 Ceu
197 567 286 622 septem
297 573 394 622 surgens
405 558 491 608 sedatis
501 558 611 606 amnibus
621 556 684 604 altus
780 554 816 603 30

135 625 182 673 Per
191 625 289 672 tacitum
301 624 405 686 Ganges,
417 631 460 670 aut
469 621 553 686 pingui
564 621 662 671 flumine
673 620 755 681 Nilus,

135 688 198 736 Cum
209 688 286 736 refluit
296 689 394 750 eampis,
406 689 489 748 etjam
500 703 525 735 se
536 685 639 735 condidit
649 688 727 734 alveo.

136 754 186 805 Hic
197 752 298 801 subitam
310 752 377 815 nigro
387 751 510 815 glomerari
520 752 616 816 pulvere
626 753 714 799 nubem

136 817 285 882 Prospioium
297 816 391 876 Teucri,
402 832 430 865 ao
440 818 545 864 tenebras
555 816 674 878 insurgere
684 813 783 876 eampis.

137 883 232 930 Primus
242 883 272 930 ab
283 881 379 929 advmsi
389 881 520 928 conclamat
530 880 592 928 mole
603 881 704 928 Caicus:
780 879 816 926 35

137 947 199 1007 Quis
209 946 301 1010 globus,
313 961 328 993 o
338 945 408 1005 cives,
420 946 519 1008 ealigine
529 944 631 993 volvitur
641 945 711 992 atri?

137 1012 206 1061 Ferte
216 1011 256 1059 eni
268 1009 364 1069 ferrum,
375 1009 429 1058 date
439 1009 495 1069 teia,
507 1009 610 1058 soondite
619 1023 714 1056 morose

61 1085 66 1090 '
138 1077 221 1125 Hostis
231 1074 305 1134 adest,
317 1074 360 1122 eia
388 1074 484 1138 Ingenti
494 1075 595 1123 elamore
604 1089 646 1137 per
657 1087 738 1122 omnes

139 1141 251 1190 condunt
261 1156 285 1188 se
295 1139 383 1187 Teucri
393 1149 479 1202 portes,
495 1149 518 1188 et
527 1139 613 1187 moenie
623 1138 748 1202 complent

139 1207 251 1269 Namque
260 1205 295 1252 ita
304 1204 423 1252 disoedens
434 1211 573 1267 proeoeperat
583 1203 686 1266 optimus
695 1201 767 1250 umis
783 1202 818 1249 to

139 1271 242 1320 AEneas:
261 1270 282 1317 oi
292 1285 340 1333 qua
350 1269 438 1317 interea
447 1270 541 1317 fortuna
551 1269 641 1328 fuisset,

140 1337 196 1384 Neu
207 1343 294 1383 sunere
304 1333 417 1382 auderent
426 1335 509 1394 aeia,
521 1348 566 1381 neu
576 1333 666 1380 tradem
676 1345 761 1394 eampo
767 1347 777 1390 3

141 1400 222 1449 Castra
232 1399 304 1447 modo
314 1407 338 1447 et
348 1407 411 1447 tutos
421 1405 538 1447 merem
548 1413 630 1461 aggere
640 1411 728 1444 muros.

140 1465 216 1528 Ergo,
228 1465 271 1512 etsi
281 1464 384 1512 oonferre
392 1479 491 1511 manum
502 1463 577 1526 pudor
588 1463 593 1474 ”
637 1477 667 1510 ue
676 1467 800 1522 monstrat,

141 1529 265 1592 Objioiunt
274 1537 353 1593 portas
363 1537 452 1589 tamen,
464 1535 488 1579 et
497 1537 612 1591 precepta
684 1533 747 1588 sunt,
785 1523 820 1572 45

141 1593 282 1659 Armatique
292 1594 355 1642 oanis
364 1600 500 1656 exspectant
511 1592 614 1641 turribus
625 1592 724 1640 hostem.

142 1659 247 1717 Turnus,
259 1666 351 1707 utente
361 1659 442 1706 volans
452 1657 546 1706 tardum
557 1664 705 1720 precesserat
715 1669 811 1722 ogmar,

140 1723 236 1787 Viginti
245 1723 311 1771 lootis
321 1722 428 1787 equitium
439 1723 572 1783 emutatus,
585 1729 608 1770 et
618 1721 672 1770 urbi
782 1739 788 1763 ι

142 1788 289 1851 Improvisus
299 1788 379 1845 adest3
397 1787 496 1836 maculis
507 1803 578 1851 quem
590 1786 706 1835 Thracius
717 1784 778 1833 albis

143 1853 225 1902 Portet
235 1867 318 1918 equus,
330 1852 444 1916 oristique
454 1852 512 1916 tegit
522 1851 589 1914 galee
600 1866 670 1900 aurea
679 1850 757 1900 rubria.
785 1851 820 1897 50

142 1919 232 1982 Ecquis
240 1917 392 1978 aritmecum,
399 1919 515 1979 juvmes?
528 1913 822 1980 quiprimusinhostem?

142 1983 191 2044 En,
203 1984 243 2031 ait.
270 1983 305 2031 lit
312 1983 420 2045 jaculum
428 1989 563 2046 attorquens
574 1981 659 2032 emittit
668 1981 694 2029 in
704 1993 783 2042 suras,

144 2048 290 2112 Principium
300 2063 395 2111 pugnae,
407 2055 430 2095 et
441 2061 524 2110 eampo
534 2061 583 2096 sese
594 2046 681 2095 uduus
691 2045 768 2099 infert.

144 2113 253 2161 Clamore
263 2112 382 2175 excipiunt
392 2112 456 2171 socii,
467 2111 609 2175 fremituque
619 2119 749 2176 sequuntur

145 2177 288 2237 Horrison03
305 2177 423 2225 Teucrum
433 2175 549 2224 mirantur
558 2175 641 2224 inertie
651 2176 720 2224 eorda
726 2192 734 2236 ;
787 2175 822 2223 oo

145 2244 203 2291 Non
213 2256 281 2306 raquo
291 2241 346 2290 dere
356 2254 382 2290 se
391 2256 483 2304 eampo,
495 2255 543 2288 non
553 2241 624 2288 obvie
634 2241 693 2290 ferre
729 2237 731 2242 ’

145 2307 223 2356 Arma
233 2322 302 2419 apros,
314 2306 355 2355 sd
365 2315 440 2354 eastra
449 2306 534 2356 fovere.
566 2305 623 2354 Huc
633 2305 739 2354 turbidus
750 2311 825 2375 atque

263 2387 293 2419 uo
693 2393 696 2400 ·

147 2437 245 2484 Lustrat
255 2451 316 2500 equo
325 2451 414 2496 muros,
425 2435 562 2500 editumque
572 2451 614 2499 per
624 2433 677 2483 avia
686 2433 778 2505 quaerit.

146 2500 186 2548 Ao
196 2501 269 2549 veluti
295 2500 349 2548 leno
358 2500 431 2564 lupus
440 2500 564 2548 insidiatus
574 2499 639 2560 ovili,
783 2499 825 2550 ’59

147 2565 211 2614 Cum
221 2517 299 2614 barrit
309 2565 339 2613 etl
348 2565 437 2624 enolae,
447 2573 529 2614 ventos
539 2579 660 2635 perpessus
670 2571 694 2614 at
703 2563 801 2626 imbres,
