1892 2917
157 124 206 171 32⁰
337 164 341 171 ,
368 115 492 167 AENlllS.
508 118 558 167 xl.
574 117 614 173 ²7·

158 250 269 300 Mittatur
281 247 367 307 Pelles,
379 260 458 311 quem,
470 261 517 294 non
528 245 618 295 rirmtis
629 252 744 308 egentem,
795 244 832 300 27

157 312 264 364 Abstulit
274 321 324 360 stre
333 312 391 371 dies,
402 320 425 359 et
434 310 516 360 funere
523 312 603 359 mersit
612 312 700 359 acerbo.

191 379 229 427 Sic
238 378 270 425 eit
277 376 433 439 illacrymans,
444 374 698 439 recipitqueodlimina
707 386 833 436 gressnmg
909 409 913 415 .

160 444 250 505 Corpus
260 441 302 489 ubi
312 440 413 489 exanimi
424 440 526 503 posimm
538 440 650 487 Pallantis
659 445 752 487 Aeetes
796 437 833 483 3⁰

160 509 271 557 Servsbst
282 504 364 565 senior,
376 504 417 568 qui
429 504 551 552 Parrhasio
562 504 674 553 Euandro

160 572 272 633 Armiger
282 578 335 618 ente
344 569 390 616 fuit
396 586 404 627 ;
422 568 461 615 sed
471 584 518 616 non
528 568 633 616 felicibus
644 583 710 631 aeque

163 637 228 684 Tum
239 650 315 683 comes
325 634 431 697 auspiciis
442 648 495 681 euro
505 633 573 680 (lours
583 633 632 680 ibat
642 633 745 681 alumno.

161 701 256 749 Circum
262 699 337 746 omnis
343 694 839 760 famulumquemenusijsnnquetnrba,

162 766 196 814 Et
206 772 314 812 moestum
326 762 411 811 Iliades
422 762 509 809 crinem
519 760 549 808 de
558 776 623 809 more
633 762 721 809 solutae·
800 759 837 806 35

195 830 231 877 Ut
241 844 294 876 vero
306 828 393 875 AEnees
402 826 490 874 foribus
501 841 550 873 sese
559 825 638 873 intulit
648 825 709 885 altis,

163 894 287 956 Ingentem
298 891 411 955 gemitum
422 890 496 939 tunsis
506 888 537 937 ad
547 889 621 937 sidera
630 890 717 938 tollunt

164 958 307 1014 Pectoribus,
319 964 445 1017 moestoque
455 954 566 1017 immugit
575 954 638 1017 regin
646 955 719 1001 luctu.

164 1024 178 1070 l
195 1038 227 1077 se,
239 1028 309 1084 ceput
319 1020 380 1068 nivei
390 1019 478 1067 initum
489 1018 602 1066 Pallantis
611 1026 635 1065 et
644 1032 686 1066 ore

189 1095 199 1133 t
209 1086 276 1144 vidit,
287 1084 378 1147 levique
388 1092 469 1146 patens
480 1083 505 1130 in
515 1092 607 1146 pectore
617 1083 703 1131 vulnus
803 1082 840 1129 40

165 1149 274 1213 cuspidis
284 1148 405 1206 Ausonis,
416 1148 524 1211 lacrymis
531 1147 565 1195 ite
574 1147 636 1195 fatur
645 1147 746 1195 obortisc

167 1214 242 1273 Tene,
253 1213 338 1277 inquit,
349 1211 477 1259 miserande
487 1226 554 1277 puer,
565 1225 620 1260 eum
630 1212 685 1259 leta
694 1211 792 1270 verim

166 1277 255 1328 Invidit
265 1278 369 1325 Fortuna
378 1276 446 1334 mihi,
457 1290 487 1324 ne
497 1291 568 1339 regno
578 1276 665 1324 videres

167 1344 263 1402 Nostra,
275 1356 350 1406 neque
360 1341 390 1388 ad
400 1341 464 1388 sedes
475 1340 547 1388 victm
556 1341 662 1388 veherere
671 1343 799 1404 petemus?

167 1408 224 1457 Non
233 1408 282 1456 hec
293 1405 403 1453 Euandro
414 1406 477 1455 clete
488 1405 599 1469 promise
609 1405 699 1468 petenti
805 1406 842 1453 45

167 1472 295 1521 Discedens
306 1471 422 1528 dederam,
432 1484 488 1515 eum
500 1484 539 1517 me
548 1470 683 1532 complexus
693 1477 788 1517 euntem

167 1537 275 1585 Mitteret
282 1536 306 1583 in
314 1546 426 1597 magnum
433 1534 441 1580 i
508 1534 844 1597 'um‚met11ensquemoneret

167 1602 242 1649 Aures
253 1615 300 1649 esse
311 1600 379 1656 viros,
391 1612 445 1646 cum
473 1599 517 1645 uri
525 1598 606 1660 proelis
615 1607 691 1661 gente.

167 1665 203 1723 Et
212 1680 274 1713 nunc
285 1662 437 1727 inequites,
449 1678 490 1725 spe
498 1662 601 1709 multum
609 1671 690 1726 ceptus
698 1662 773 1722 inani,

169 1730 229 1778 Fors
239 1739 262 1777 et
272 1728 398 1784 uolutauit,
408 1726 558 1791 cumulatque
566 1727 647 1774 alterio
657 1727 730 1775 donis.
807 1731 845 1778 fut)
889 1756 895 1763 -

125 1825 127 1829 -
168 1794 221 1842 Nos
230 1796 339 1855 juvenem
350 1791 494 1851 exanimum,
511 1800 535 1839 et
544 1790 579 1837 nil
587 1792 637 1851 jam
647 1792 775 1854 celestium
785 1793 854 1843 nllis'

170 1858 310 1917 Debentem,
322 1870 381 1905 veno
391 1856 466 1903 moesti
477 1856 614 1903 comitemur
623 1856 717 1904 honore

170 1923 268 1981 Infelix,
278 1922 328 1969 nati
337 1921 408 1967 funus
419 1920 510 1968 crudele
520 1920 623 1968 videbis!

170 1986 207 2035 Hi
218 1988 290 2036 nostri
300 1986 395 2045 reditus,
407 1984 576 2048 exspectatique
585 1984 717 2048 triumphi?
811 1989 847 2035 54

172 2050 231 2099 Haec
241 2068 294 2099 mea
304 2064 390 2111 magna
400 2048 476 2096 fides?
492 2051 529 2096 At
536 2062 591 2109 non,
600 2048 720 2109 Euandre,
727 2050 849 2113 purlerrdis

160 2114 315 2164 -Vulneribus
325 2115 419 2177 pulsum
430 2112 555 2175 adspicies:
572 2128 615 2172 nec
624 2114 708 2177 sospite
715 2114 796 2162 dirum

173 2179 338 2243 Optabisneto
348 2178 420 2225 funus
430 2186 502 2241 pater.
535 2178 583 2225 liei
593 2178 667 2231 milri!
701 2188 804 2227 emtum

175 2243 313 2292 Praesiliunr
323 2243 439 2300 Ausonio,
451 2250 475 2289 et
485 2250 599 2306 quennnn
610 2250 637 2290 tn
704 2243 710 2256 '
744 2244 817 2294 lule!

207 2308 267 2356 Haec
277 2309 319 2356 ubi
329 2304 428 2365 deflevit,
441 2306 492 2353 tolli
500 2307 631 2355 miserabile
640 2318 725 2371 eorpus

175 2368 288 2434 Imperat,
301 2380 324 2419 et
334 2379 381 2417 toto
391 2370 461 2418 lectos
471 2370 688 2433 exegminemittit
814 2375 851 2425 80

175 2434 245 2483 Mille
256 2436 324 2493 viros,
335 2434 376 2497 qui
387 2447 521 2497 supressum
532 2436 669 2483 comitennrr
679 2436 802 2499 lrnnnresn,

174 2498 332 2561 Intersintque
342 2497 412 2560 petris
422 2499 544 2561 lacrymis3
561 2499 641 2547 mnus
650 2500 726 2549 luetis

174 2560 270 2625 Exigua
279 2562 386 2623 ingentis,
398 2562 482 2609 misero
491 2564 532 2611 sed
542 2564 619 2614 debito
629 2565 698 2627 paor,

174 2624 249 2673 linui
259 2638 339 2689 segnes
349 2624 389 2674 uri
399 2633 470 2673 treta
481 2634 505 2675 et
514 2628 585 2677 molle
593 2627 705 2677 menum
