1892 2917
40 127 45 136 .
146 87 194 141 lsi
353 83 478 134 ntimo
488 81 527 132 .V.
544 81 602 138 667·

145 207 727 278 cumnnnpmsuspereoelumsustulnsm,
774 206 824 264 667

147 279 319 343 lugentemque
328 278 387 341 fugit
397 277 470 328 secuit
480 278 525 325 sub
535 275 637 324 nubibus
647 289 737 322 sicum.

147 343 213 390 Tum
224 359 278 391 vero
288 343 392 391 toenitis
401 341 521 398 monstris,
532 351 635 404 actisque
645 338 731 398 furore,
772 337 823 386 659

146 407 308 466 Conclamant,
319 407 461 471 rapiuntque
471 405 529 454 focis
540 404 698 470 penetralibus
708 403 807 466 ignems

147 472 206 520 Pars
216 472 317 536 spolient
326 486 386 529 ures,
397 471 505 519 frondem
516 485 543 518 sc
553 469 655 532 virgulta
665 468 773 531 facesque

148 536 291 598 cinjieiunt
307 537 377 586 Furit
385 535 497 584 immissis
508 535 629 583 vulcanus
639 532 736 582 habenis

146 601 261 650 Transtrs
270 618 312 666 per
322 610 345 650 et
354 615 430 651 reinos
440 609 464 648 et
475 600 547 664 pictos
559 598 633 646 abiete
642 612 742 662 puppes.
760 633 763 637 -

146 666 253 715 Nuntius
260 666 373 716 Anchise
382 665 413 713 td
423 665 544 712 tumulum
554 677 685 726 cuneosque
696 659 780 710 thesin

63 763 66 771 ·
147 730 256 781 Incensos
266 731 352 794 perfert
363 746 433 780 noves
441 729 574 784 Eumelus;
591 736 615 775 et
625 727 671 791 ipsi
774 724 824 772 666

147 795 286 860 Respiciunt
295 804 370 844 strum
380 794 406 842 in
416 794 498 843 nimbo
508 793 603 843 volitare
613 791 725 840 favillam.

148 861 244 908 Primus
253 869 277 908 et
283 861 410 919 Ammius,
421 874 502 908 cursus
513 870 540 907 ut
548 859 617 906 Intus
627 865 744 920 equestres

147 923 265 983 Ducebat,
275 924 308 972 sic
318 941 370 972 seer
379 939 439 987 equo
449 926 542 971 turbato
551 921 634 986 petivit

148 989 245 1045 (Ἀσίης
257 1004 300 1036 nec
308 989 425 1037 exanimes
430 995 528 1052 possum
535 986 633 1035 retinere
640 983 752 1048 magistri.
775 983 824 1032 669

148 1052 211 1112 Quis
219 1053 284 1102 furor
291 1053 335 1100 iste
341 1053 428 1102 novus?
440 1068 488 1116 quo
494 1067 564 1111 nunt,
571 1066 619 1115 quo
625 1049 729 1108 tenditis,
737 1047 824 1112 inquit,

149 1117 206 1166 Heu
217 1117 307 1166 misere
317 1117 396 1166 cives?
413 1132 460 1166 non
471 1117 571 1174 hostem,
582 1115 723 1177 inimicaque
732 1123 807 1162 oestro

148 1182 283 1244 Argivum
301 1191 386 1231 vestras
396 1197 447 1245 spes
457 1181 532 1230 uritis.
546 1180 596 1235 En,
607 1195 650 1242 ego
660 1187 734 1226 vester

148 1246 272 1296 Asconius.
289 1246 388 1295 Galeam
398 1256 452 1294 unte
462 1246 532 1310 pedes
542 1244 639 1308 projecit
648 1243 751 1304 inanem,

148 1311 206 1370 Qut
215 1311 272 1360 ludo
282 1311 378 1359 indutus
388 1311 445 1366 belli
455 1311 578 1358 simirlscrs
586 1308 667 1358 ciebat.

147 1376 270 1426 Accelerat
280 1376 351 1424 simul
361 1375 457 1433 AEness
469 1374 541 1422 sitnm
551 1373 645 1436 agmins
656 1371 782 1422 Teucrum.

148 1441 352 1495 Astilliediverse
361 1437 650 1503 metupcrlitorspsssim
773 1435 822 1491 676

148 1505 300 1569 Diffugiunt;
317 1505 440 1568 silvasque,
450 1514 474 1552 et
482 1503 556 1552 sicubi
566 1517 665 1551 concors
674 1501 757 1553 furtim

148 1571 220 1629 Sus,
231 1578 320 1634 petunt
338 1570 408 1632 Piget
417 1569 512 1632 incepti,
521 1567 640 1630 lucisque;
658 1581 758 1629 suosque

149 1633 252 1683 Mutoue
260 1642 396 1698 agnoscunt,
407 1648 548 1697 excussaque
557 1641 649 1696 pectore
655 1631 721 1680 Juno
732 1637 774 1679 est.

149 1698 196 1746 Sed
206 1714 253 1747 non
263 1699 348 1747 idcirco
357 1699 460 1746 flumme
469 1706 540 1761 utque
550 1695 656 1744 incendis
666 1695 725 1744 vires
773 1695 823 1744 666

149 1762 278 1812 Indomitos
288 1764 400 1827 posuere:
417 1763 465 1810 udo
475 1765 518 1811 sub
529 1763 609 1810 robore
620 1759 687 1820 vivit¹
714 1809 716 1814 ,

149 1829 241 1892 Stupps
251 1843 346 1876 vomens
356 1827 449 1876 turdum
456 1826 560 1884 fumum,
571 1825 694 1888 lentusque
704 1823 794 1874 mrines

148 1891 195 1940 Est
205 1909 285 1956 vspor,
295 1900 319 1941 et
329 1902 377 1940 toto
387 1891 504 1940 deseendit
514 1905 607 1954 torpore
617 1888 687 1952 pestis
695 1905 704 1946 ς

149 1956 175 2004 N
176 1972 202 2005 ec
212 1957 271 2006 vires
280 1957 378 2005 heroum
388 1956 511 2020 infusaque
520 1954 619 2004 flumini
629 1961 733 2017 prosunt.

150 2021 216 2070 Tum
226 2022 279 2086 pius
290 2022 378 2070 AEnees
390 2021 494 2073 humeris
503 2018 635 2068 abscindere
646 2027 741 2078 vestem,
774 2017 823 2075 666

148 2086 295 2150 Auxilioque
304 2101 385 2135 vocare
396 2085 469 2144 Deos,
479 2092 502 2133 et
512 2084 605 2134 tendere
614 2082 718 2146 polmus:
820 2113 822 2128 .

148 2151 245 2214 'Jupiter
255 2150 415 2214 omnipotens!
434 2148 570 2198 sinendum
580 2163 663 2196 exosus
673 2145 703 2194 sd
713 2161 789 2195 unum

151 2215 275 2277 Trojanos,
285 2216 307 2264 si
317 2215 375 2279 quid
384 2214 459 2277 pietus
469 2213 565 2278 entique
575 2213 665 2262 labores

149 2279 256 2344 Respicit
264 2280 387 2336 humanos,
398 2279 429 2328 (is
438 2279 559 2328 flnmmstn
570 2276 664 2326 eredere
674 2273 742 2324 classi

150 2344 232 2403 Nunc,
244 2345 322 2404 Peter,
334 2353 358 2393 ei
368 2354 449 2392 tenues
460 2343 579 2392 Teucrum
590 2357 626 2390 ree
636 2339 698 2404 eripe
708 2339 763 2387 leto.
773 2339 822 2388 696

150 2408 198 2457 Vel
209 2418 244 2468 tu,
256 2408 319 2473 quod
330 2420 443 2472 superest,
454 2407 538 2456 infesto
549 2405 648 2455 fulmine
658 2402 737 2464 morti,

150 2472 178 2520 Si
187 2488 285 2533 mereor,
297 2473 399 2529 demitte,
411 2472 500 2536 mique
509 2471 549 2522 hlc
556 2472 628 2519 obrue
637 2467 727 2518 nexui.
780 2495 783 2500 ·

150 2534 718 2599 vuhaecedidereteimeffionimurnusioa
813 2581 816 2589 ,
