<?xml version="1.0" encoding="UTF-8"?>
<!DOCTYPE html PUBLIC "-//W3C//DTD XHTML 1.0 Transitional//EN"
    "http://www.w3.org/TR/xhtml1/DTD/xhtml1-transitional.dtd">
<html xmlns="http://www.w3.org/1999/xhtml" xml:lang="en" lang="en">
 <head>
  <title>
</title>
<meta http-equiv="Content-Type" content="text/html;charset=utf-8" />
  <meta name='ocr-system' content='tesseract 3.04.00' />
  <meta name='ocr-capabilities' content='ocr_page ocr_carea ocr_par ocr_line ocrx_word'/>
</head>
<body>
  <div class='ocr_page' id='page_1' title='image "./pvirgiliimaroni21virggoog_0321.png"; bbox 0 0 1892 2917; ppageno 0'>
   <div class='ocr_carea' id='block_1_1' title="bbox 325 98 784 167">
    <p class='ocr_par' dir='ltr' id='par_1_1' title="bbox 325 98 784 167">
     <span class='ocr_line' id='line_1_1' title="bbox 325 98 784 167; baseline -0.015 -16"><span class='ocrx_word' id='word_1_1' title='bbox 325 99 448 153; x_wconf 68' lang='lat' dir='ltr'><strong>unns.</strong></span> <span class='ocrx_word' id='word_1_2' title='bbox 464 102 498 151; x_wconf 76' lang='lat' dir='ltr'><strong>n</strong></span> <span class='ocrx_word' id='word_1_3' title='bbox 513 102 571 157; x_wconf 76' lang='lat'><strong>7⁰⁵.</strong></span> <span class='ocrx_word' id='word_1_4' title='bbox 627 160 630 167; x_wconf 19' lang='lat'><strong>¹</strong></span> <span class='ocrx_word' id='word_1_5' title='bbox 735 98 784 145; x_wconf 82' lang='lat' dir='ltr'><strong>sn</strong></span> 
     </span>
    </p>
   </div>
   <div class='ocr_carea' id='block_1_2' title="bbox 111 228 784 1518">
    <p class='ocr_par' dir='ltr' id='par_1_2' title="bbox 111 228 784 1518">
     <span class='ocr_line' id='line_1_2' title="bbox 114 228 784 294; baseline -0.006 -15"><span class='ocrx_word' id='word_1_6' title='bbox 114 228 386 294; x_wconf 68' lang='lat' dir='ltr'><strong>Cisseisroginal‘arins</strong></span> <span class='ocrx_word' id='word_1_7' title='bbox 403 228 644 294; x_wconf 76' lang='lat' dir='ltr'><strong>Parisurbepaterni</strong></span> <span class='ocrx_word' id='word_1_8' title='bbox 734 228 784 283; x_wconf 78' lang='lat' dir='ltr'><strong>tun</strong></span> 
     </span>
     <span class='ocr_line' id='line_1_3' title="bbox 113 292 745 358; baseline -0.005 -16"><span class='ocrx_word' id='word_1_9' title='bbox 113 295 235 353; x_wconf 78' lang='lat' dir='ltr'><strong>Oeoubat3</strong></span> <span class='ocrx_word' id='word_1_10' title='bbox 252 295 361 358; x_wconf 78' lang='lat' dir='ltr'><strong>ignarum</strong></span> <span class='ocrx_word' id='word_1_11' title='bbox 372 296 478 344; x_wconf 76' lang='lat' dir='ltr'><strong>laurense</strong></span> <span class='ocrx_word' id='word_1_12' title='bbox 487 296 558 343; x_wconf 86' lang='lat' dir='ltr'><strong>habet</strong></span> <span class='ocrx_word' id='word_1_13' title='bbox 567 310 608 342; x_wconf 85' lang='lat' dir='ltr'><strong>ora</strong></span> <span class='ocrx_word' id='word_1_14' title='bbox 618 292 745 341; x_wconf 86' lang='lat' dir='ltr'><strong>Mimanta.</strong></span> 
     </span>
     <span class='ocr_line' id='line_1_4' title="bbox 111 358 694 409; baseline -0.003 -2"><span class='ocrx_word' id='word_1_15' title='bbox 111 359 151 407; x_wconf 87' lang='lat' dir='ltr'><strong>Ac</strong></span> <span class='ocrx_word' id='word_1_16' title='bbox 163 360 227 408; x_wconf 87' lang='lat' dir='ltr'><strong>velut</strong></span> <span class='ocrx_word' id='word_1_17' title='bbox 236 360 277 408; x_wconf 91' lang='lat' dir='ltr'><strong>ille</strong></span> <span class='ocrx_word' id='word_1_18' title='bbox 286 375 371 409; x_wconf 72' lang='lat' dir='ltr'><strong>oenum</strong></span> <span class='ocrx_word' id='word_1_19' title='bbox 381 376 460 409; x_wconf 85' lang='lat' dir='ltr'><strong>morsu</strong></span> <span class='ocrx_word' id='word_1_20' title='bbox 471 359 501 407; x_wconf 93' lang='lat' dir='ltr'><strong>de</strong></span> <span class='ocrx_word' id='word_1_21' title='bbox 510 359 630 407; x_wconf 89' lang='lat' dir='ltr'><strong>montibus</strong></span> <span class='ocrx_word' id='word_1_22' title='bbox 640 358 694 406; x_wconf 86' lang='lat' dir='ltr'><strong>altis</strong></span> 
     </span>
     <span class='ocr_line' id='line_1_5' title="bbox 113 424 735 489; baseline -0.005 -17"><span class='ocrx_word' id='word_1_23' title='bbox 113 425 190 472; x_wconf 86' lang='lat' dir='ltr'><strong>Actus</strong></span> <span class='ocrx_word' id='word_1_24' title='bbox 201 440 265 489; x_wconf 81' lang='lat' dir='ltr'><strong>aper,</strong></span> <span class='ocrx_word' id='word_1_25' title='bbox 276 425 363 473; x_wconf 85' lang='lat' dir='ltr'><strong>multos</strong></span> <span class='ocrx_word' id='word_1_26' title='bbox 373 425 477 473; x_wconf 83' lang='lat' dir='ltr'><strong>Vesulus</strong></span> <span class='ocrx_word' id='word_1_27' title='bbox 487 441 557 489; x_wconf 90' lang='lat' dir='ltr'><strong>quem</strong></span> <span class='ocrx_word' id='word_1_28' title='bbox 568 424 652 486; x_wconf 83' lang='lat' dir='ltr'>pinifer</span> <span class='ocrx_word' id='word_1_29' title='bbox 662 436 735 469; x_wconf 83' lang='lat' dir='ltr'><strong>annos</strong></span> 
     </span>
     <span class='ocr_line' id='line_1_6' title="bbox 113 486 783 554; baseline -0.004 -18"><span class='ocrx_word' id='word_1_30' title='bbox 113 488 235 549; x_wconf 79' lang='lat' dir='ltr'><strong>Defendit,</strong></span> <span class='ocrx_word' id='word_1_31' title='bbox 247 490 361 538; x_wconf 80' lang='lat' dir='ltr'><strong>multosve</strong></span> <span class='ocrx_word' id='word_1_32' title='bbox 371 490 438 554; x_wconf 81' lang='lat' dir='ltr'><strong>palus</strong></span> <span class='ocrx_word' id='word_1_33' title='bbox 450 489 585 547; x_wconf 78' lang='lat' dir='ltr'><strong>Laurentia,</strong></span> <span class='ocrx_word' id='word_1_34' title='bbox 597 488 656 535; x_wconf 81' lang='lat' dir='ltr'><strong>silvi</strong></span> <span class='ocrx_word' id='word_1_35' title='bbox 734 486 783 541; x_wconf 84' lang='grc'><strong>700</strong></span> 
     </span>
     <span class='ocr_line' id='line_1_7' title="bbox 113 552 782 619; baseline -0.004 -18"><span class='ocrx_word' id='word_1_36' title='bbox 113 553 199 601; x_wconf 78' lang='lat' dir='ltr'><strong>Paetus</strong></span> <span class='ocrx_word' id='word_1_37' title='bbox 209 554 345 612; x_wconf 69' lang='lat' dir='ltr'><strong>arundinei,</strong></span> <span class='ocrx_word' id='word_1_38' title='bbox 360 570 402 619; x_wconf 90' lang='lat' dir='ltr'><strong>pos</strong></span> <span class='ocrx_word' id='word_1_39' title='bbox 430 570 486 601; x_wconf 90' lang='lat' dir='ltr'><strong>uam</strong></span> <span class='ocrx_word' id='word_1_40' title='bbox 495 554 555 601; x_wconf 83' lang='lat' dir='ltr'><strong>inter</strong></span> <span class='ocrx_word' id='word_1_41' title='bbox 565 552 622 601; x_wconf 86' lang='lat' dir='ltr'><strong>retia</strong></span> <span class='ocrx_word' id='word_1_42' title='bbox 631 559 728 600; x_wconf 74' lang='lat' dir='ltr'><strong>sennim</strong></span> <span class='ocrx_word' id='word_1_43' title='bbox 739 558 782 610; x_wconf 84' lang='lat' dir='ltr'><strong>est,</strong></span> 
     </span>
     <span class='ocr_line' id='line_1_8' title="bbox 113 616 751 683; baseline -0.005 -18"><span class='ocrx_word' id='word_1_44' title='bbox 113 618 230 678; x_wconf 82' lang='lat' dir='ltr'><strong>Substitit,</strong></span> <span class='ocrx_word' id='word_1_45' title='bbox 241 618 406 683; x_wconf 78' lang='lat' dir='ltr'><strong>infremuitque</strong></span> <span class='ocrx_word' id='word_1_46' title='bbox 426 634 490 674; x_wconf 74' lang='lat' dir='ltr'><strong>mox,</strong></span> <span class='ocrx_word' id='word_1_47' title='bbox 502 627 525 666; x_wconf 83' lang='lat' dir='ltr'><strong>et</strong></span> <span class='ocrx_word' id='word_1_48' title='bbox 534 616 648 665; x_wconf 82' lang='lat' dir='ltr'>inhorruit</span> <span class='ocrx_word' id='word_1_49' title='bbox 658 629 751 672; x_wconf 84' lang='lat' dir='ltr'><strong>armus;</strong></span> 
     </span>
     <span class='ocr_line' id='line_1_9' title="bbox 113 682 712 747; baseline -0.003 -18"><span class='ocrx_word' id='word_1_50' title='bbox 113 682 166 729; x_wconf 84' lang='lat' dir='ltr'><strong>Nec</strong></span> <span class='ocrx_word' id='word_1_51' title='bbox 177 683 215 730; x_wconf 82' lang='lat' dir='ltr'><strong>cui</strong></span> <span class='ocrx_word' id='word_1_52' title='bbox 232 698 287 731; x_wconf 87' lang='lat' dir='ltr'><strong>uam</strong></span> <span class='ocrx_word' id='word_1_53' title='bbox 297 684 365 731; x_wconf 85' lang='lat' dir='ltr'><strong>irasci</strong></span> <span class='ocrx_word' id='word_1_54' title='bbox 375 682 498 747; x_wconf 83' lang='lat' dir='ltr'><strong>propiusve</strong></span> <span class='ocrx_word' id='word_1_55' title='bbox 508 683 614 730; x_wconf 79' lang='lat' dir='ltr'><strong>adsedere</strong></span> <span class='ocrx_word' id='word_1_56' title='bbox 624 682 712 738; x_wconf 85' lang='lat' dir='ltr'><strong>virtus;</strong></span> 
     </span>
     <span class='ocr_line' id='line_1_10' title="bbox 113 699 716 811; baseline -0.007 -16"><span class='ocrx_word' id='word_1_57' title='bbox 113 746 161 795; x_wconf 80' lang='lat' dir='ltr'><strong>Sed</strong></span> <span class='ocrx_word' id='word_1_58' title='bbox 168 699 253 808; x_wconf 67' lang='lat' dir='ltr'><strong>jwulis</strong></span> <span class='ocrx_word' id='word_1_59' title='bbox 264 748 365 811; x_wconf 89' lang='lat' dir='ltr'><strong>tutisque</strong></span> <span class='ocrx_word' id='word_1_60' title='bbox 376 748 457 811; x_wconf 84' lang='lat' dir='ltr'><strong>procul</strong></span> <span class='ocrx_word' id='word_1_61' title='bbox 467 747 606 795; x_wconf 82' lang='lat' dir='ltr'><strong>clamoribus</strong></span> <span class='ocrx_word' id='word_1_62' title='bbox 615 745 716 793; x_wconf 72' lang='lat' dir='ltr'><strong>instante</strong></span> 
     </span>
     <span class='ocr_line' id='line_1_11' title="bbox 114 811 743 877; baseline -0.005 -19"><span class='ocrx_word' id='word_1_63' title='bbox 114 811 161 859; x_wconf 87' lang='lat' dir='ltr'><strong>Ille</strong></span> <span class='ocrx_word' id='word_1_64' title='bbox 171 821 250 861; x_wconf 75' lang='lat' dir='ltr'><strong>autem</strong></span> <span class='ocrx_word' id='word_1_65' title='bbox 260 812 391 875; x_wconf 82' lang='lat' dir='ltr'><strong>impavidus</strong></span> <span class='ocrx_word' id='word_1_66' title='bbox 401 820 478 877; x_wconf 84' lang='lat' dir='ltr'><strong>partes</strong></span> <span class='ocrx_word' id='word_1_67' title='bbox 488 820 609 860; x_wconf 71' lang='lat' dir='ltr'><strong>cunctatur</strong></span> <span class='ocrx_word' id='word_1_68' title='bbox 618 811 644 857; x_wconf 90' lang='lat' dir='ltr'><strong>in</strong></span> <span class='ocrx_word' id='word_1_69' title='bbox 654 824 743 867; x_wconf 84' lang='lat' dir='ltr'><strong>omnes,</strong></span> 
     </span>
     <span class='ocr_line' id='line_1_12' title="bbox 114 872 783 939; baseline -0.006 -16"><span class='ocrx_word' id='word_1_70' title='bbox 114 874 231 925; x_wconf 76' lang='lat' dir='ltr'><strong>Dentibus</strong></span> <span class='ocrx_word' id='word_1_71' title='bbox 241 876 382 936; x_wconf 77' lang='lat' dir='ltr'><strong>infrendens,</strong></span> <span class='ocrx_word' id='word_1_72' title='bbox 394 886 417 924; x_wconf 86' lang='lat' dir='ltr'><strong>et</strong></span> <span class='ocrx_word' id='word_1_73' title='bbox 427 886 491 939; x_wconf 78' lang='lat' dir='ltr'><strong>tergo</strong></span> <span class='ocrx_word' id='word_1_74' title='bbox 501 876 588 923; x_wconf 85' lang='lat' dir='ltr'><strong>decutit</strong></span> <span class='ocrx_word' id='word_1_75' title='bbox 598 875 688 923; x_wconf 78' lang='lat' dir='ltr'><strong>hastas:</strong></span> <span class='ocrx_word' id='word_1_76' title='bbox 734 872 783 928; x_wconf 78' lang='grc'><strong>715</strong></span> 
     </span>
     <span class='ocr_line' id='line_1_13' title="bbox 114 939 695 1006; baseline -0.003 -19"><span class='ocrx_word' id='word_1_77' title='bbox 114 939 189 988; x_wconf 86' lang='lat' dir='ltr'><strong>Hand</strong></span> <span class='ocrx_word' id='word_1_78' title='bbox 198 941 274 999; x_wconf 87' lang='lat' dir='ltr'><strong>aliter,</strong></span> <span class='ocrx_word' id='word_1_79' title='bbox 283 942 353 1003; x_wconf 72' lang='lat' dir='ltr'><strong>justa</strong></span> <span class='ocrx_word' id='word_1_80' title='bbox 363 941 448 1006; x_wconf 89' lang='lat' dir='ltr'><strong>quibus</strong></span> <span class='ocrx_word' id='word_1_81' title='bbox 458 949 494 988; x_wconf 87' lang='lat' dir='ltr'><strong>est</strong></span> <span class='ocrx_word' id='word_1_82' title='bbox 505 940 636 989; x_wconf 75' lang='lat' dir='ltr'><strong>Mezentius</strong></span> <span class='ocrx_word' id='word_1_83' title='bbox 646 939 695 998; x_wconf 72' lang='lat' dir='ltr'><strong>irre,</strong></span> 
     </span>
     <span class='ocr_line' id='line_1_14' title="bbox 113 1004 685 1059; baseline 0.003 -8"><span class='ocrx_word' id='word_1_84' title='bbox 113 1004 171 1052; x_wconf 91' lang='lat' dir='ltr'><strong>Non</strong></span> <span class='ocrx_word' id='word_1_85' title='bbox 182 1006 226 1053; x_wconf 89' lang='lat' dir='ltr'><strong>ulli</strong></span> <span class='ocrx_word' id='word_1_86' title='bbox 236 1014 272 1053; x_wconf 83' lang='lat' dir='ltr'><strong>est</strong></span> <span class='ocrx_word' id='word_1_87' title='bbox 281 1006 373 1055; x_wconf 88' lang='lat' dir='ltr'><strong>animus</strong></span> <span class='ocrx_word' id='word_1_88' title='bbox 383 1006 460 1054; x_wconf 87' lang='lat' dir='ltr'><strong>stricto</strong></span> <span class='ocrx_word' id='word_1_89' title='bbox 470 1020 603 1053; x_wconf 75' lang='lat' dir='ltr'><strong>eunounere</strong></span> <span class='ocrx_word' id='word_1_90' title='bbox 612 1005 685 1059; x_wconf 71' lang='lat' dir='ltr'><strong>ferros</strong></span> 
     </span>
     <span class='ocr_line' id='line_1_15' title="bbox 114 1068 676 1133; baseline -0.002 -16"><span class='ocrx_word' id='word_1_91' title='bbox 114 1068 247 1118; x_wconf 74' lang='lat' dir='ltr'><strong>Missilibus</strong></span> <span class='ocrx_word' id='word_1_92' title='bbox 257 1070 327 1133; x_wconf 77' lang='lat' dir='ltr'><strong>longe</strong></span> <span class='ocrx_word' id='word_1_93' title='bbox 337 1078 361 1119; x_wconf 85' lang='lat' dir='ltr'><strong>et</strong></span> <span class='ocrx_word' id='word_1_94' title='bbox 371 1070 546 1121; x_wconf 80' lang='lat' dir='ltr'><strong>vastoolamore</strong></span> <span class='ocrx_word' id='word_1_95' title='bbox 555 1070 676 1117; x_wconf 81' lang='lat' dir='ltr'><strong>laoessunt.</strong></span> 
     </span>
     <span class='ocr_line' id='line_1_16' title="bbox 146 1132 784 1199; baseline -0.003 -18"><span class='ocrx_word' id='word_1_96' title='bbox 146 1133 249 1183; x_wconf 85' lang='lat' dir='ltr'><strong>Venerat</strong></span> <span class='ocrx_word' id='word_1_97' title='bbox 259 1136 359 1199; x_wconf 78' lang='lat' dir='ltr'><strong>antiquis</strong></span> <span class='ocrx_word' id='word_1_98' title='bbox 370 1134 468 1199; x_wconf 85' lang='lat' dir='ltr'><strong>Corythi</strong></span> <span class='ocrx_word' id='word_1_99' title='bbox 478 1134 508 1182; x_wconf 92' lang='lat' dir='ltr'><strong>de</strong></span> <span class='ocrx_word' id='word_1_100' title='bbox 517 1134 603 1182; x_wconf 84' lang='lat' dir='ltr'><strong>finibus</strong></span> <span class='ocrx_word' id='word_1_101' title='bbox 612 1134 701 1193; x_wconf 83' lang='lat' dir='ltr'><strong>Acron,</strong></span> <span class='ocrx_word' id='word_1_102' title='bbox 735 1132 784 1187; x_wconf 85' lang='grc'><strong>710</strong></span> 
     </span>
     <span class='ocr_line' id='line_1_17' title="bbox 115 1198 782 1263; baseline 0 -18"><span class='ocrx_word' id='word_1_103' title='bbox 115 1198 201 1246; x_wconf 83' lang='lat' dir='ltr'><strong>Graius</strong></span> <span class='ocrx_word' id='word_1_104' title='bbox 211 1199 290 1258; x_wconf 91' lang='lat' dir='ltr'><strong>homo,</strong></span> <span class='ocrx_word' id='word_1_105' title='bbox 299 1200 395 1252; x_wconf 67' lang='lat' dir='ltr'><strong>insenos</strong></span> <span class='ocrx_word' id='word_1_106' title='bbox 402 1200 510 1263; x_wconf 85' lang='lat' dir='ltr'><strong>linquens</strong></span> <span class='ocrx_word' id='word_1_107' title='bbox 517 1198 630 1262; x_wconf 81' lang='lat' dir='ltr'><strong>profugus</strong></span> <span class='ocrx_word' id='word_1_108' title='bbox 637 1198 782 1260; x_wconf 74' lang='lat' dir='ltr'><strong>hymeneos:</strong></span> 
     </span>
     <span class='ocr_line' id='line_1_18' title="bbox 114 1260 734 1326; baseline -0.002 -17"><span class='ocrx_word' id='word_1_109' title='bbox 114 1262 188 1310; x_wconf 88' lang='lat' dir='ltr'><strong>Hunc</strong></span> <span class='ocrx_word' id='word_1_110' title='bbox 199 1264 240 1311; x_wconf 88' lang='lat' dir='ltr'><strong>ubi</strong></span> <span class='ocrx_word' id='word_1_111' title='bbox 250 1264 384 1313; x_wconf 83' lang='lat' dir='ltr'><strong>misuentem</strong></span> <span class='ocrx_word' id='word_1_112' title='bbox 394 1263 463 1326; x_wconf 78' lang='lat' dir='ltr'><strong>longe</strong></span> <span class='ocrx_word' id='word_1_113' title='bbox 474 1264 552 1311; x_wconf 82' lang='lat' dir='ltr'><strong>media</strong></span> <span class='ocrx_word' id='word_1_114' title='bbox 561 1263 656 1325; x_wconf 79' lang='lat' dir='ltr'><strong>agmina</strong></span> <span class='ocrx_word' id='word_1_115' title='bbox 666 1260 734 1320; x_wconf 81' lang='lat' dir='ltr'><strong>vidit,</strong></span> 
     </span>
     <span class='ocr_line' id='line_1_19' title="bbox 116 1328 678 1391; baseline 0.002 -17"><span class='ocrx_word' id='word_1_116' title='bbox 116 1328 265 1391; x_wconf 88' lang='lat' dir='ltr'><strong>Purpureum</strong></span> <span class='ocrx_word' id='word_1_117' title='bbox 278 1328 359 1391; x_wconf 82' lang='lat' dir='ltr'><strong>permis</strong></span> <span class='ocrx_word' id='word_1_118' title='bbox 370 1338 393 1377; x_wconf 88' lang='lat' dir='ltr'><strong>et</strong></span> <span class='ocrx_word' id='word_1_119' title='bbox 403 1337 477 1391; x_wconf 69' lang='lat' dir='ltr'><strong>pacto</strong></span> <span class='ocrx_word' id='word_1_120' title='bbox 487 1328 591 1390; x_wconf 82' lang='lat' dir='ltr'><strong>conjugis</strong></span> <span class='ocrx_word' id='word_1_121' title='bbox 602 1336 678 1382; x_wconf 68' lang='lat' dir='ltr'><strong>ostros</strong></span> 
     </span>
     <span class='ocr_line' id='line_1_20' title="bbox 115 1391 706 1460; baseline 0.005 -23"><span class='ocrx_word' id='word_1_122' title='bbox 115 1391 236 1454; x_wconf 74' lang='lat' dir='ltr'><strong>Impastus</strong></span> <span class='ocrx_word' id='word_1_123' title='bbox 247 1393 337 1441; x_wconf 84' lang='lat' dir='ltr'><strong>stabula</strong></span> <span class='ocrx_word' id='word_1_124' title='bbox 347 1393 394 1441; x_wconf 79' lang='lat' dir='ltr'><strong>altu</strong></span> <span class='ocrx_word' id='word_1_125' title='bbox 403 1393 440 1440; x_wconf 89' lang='lat' dir='ltr'><strong>leo</strong></span> <span class='ocrx_word' id='word_1_126' title='bbox 450 1408 492 1441; x_wconf 84' lang='lat' dir='ltr'><strong>ceu</strong></span> <span class='ocrx_word' id='word_1_127' title='bbox 503 1408 564 1454; x_wconf 78' lang='lat' dir='ltr'><strong>sape</strong></span> <span class='ocrx_word' id='word_1_128' title='bbox 573 1405 706 1460; x_wconf 78' lang='lat' dir='ltr'><strong>peragrans,</strong></span> 
     </span>
     <span class='ocr_line' id='line_1_21' title="bbox 115 1454 783 1518; baseline -0.003 -15"><span class='ocrx_word' id='word_1_129' title='bbox 115 1456 216 1515; x_wconf 87' lang='lat' dir='ltr'><strong>(Suadet</strong></span> <span class='ocrx_word' id='word_1_130' title='bbox 226 1457 288 1505; x_wconf 89' lang='lat' dir='ltr'><strong>enim</strong></span> <span class='ocrx_word' id='word_1_131' title='bbox 298 1473 382 1507; x_wconf 81' lang='lat' dir='ltr'><strong>vesana</strong></span> <span class='ocrx_word' id='word_1_132' title='bbox 392 1456 477 1517; x_wconf 81' lang='lat' dir='ltr'><strong>fames)</strong></span> <span class='ocrx_word' id='word_1_133' title='bbox 489 1457 509 1504; x_wconf 92' lang='lat' dir='ltr'><strong>si</strong></span> <span class='ocrx_word' id='word_1_134' title='bbox 519 1456 578 1505; x_wconf 83' lang='lat' dir='ltr'><strong>forte</strong></span> <span class='ocrx_word' id='word_1_135' title='bbox 587 1456 695 1518; x_wconf 80' lang='lat' dir='ltr'><strong>fugacem</strong></span> <span class='ocrx_word' id='word_1_136' title='bbox 734 1454 783 1509; x_wconf 75' lang='lat'><strong>724</strong></span> 
     </span>
    </p>
   </div>
   <div class='ocr_carea' id='block_1_3' title="bbox 115 1520 783 1633">
    <p class='ocr_par' dir='ltr' id='par_1_3' title="bbox 115 1520 783 1633">
     <span class='ocr_line' id='line_1_22' title="bbox 115 1520 783 1633; baseline -0.003 -65"><span class='ocrx_word' id='word_1_137' title='bbox 115 1520 244 1633; x_wconf 65' lang='lat' dir='ltr'><strong>Conspexit</strong></span> <span class='ocrx_word' id='word_1_138' title='bbox 249 1537 363 1586; x_wconf 87' lang='lat' dir='ltr'><strong>capream,</strong></span> <span class='ocrx_word' id='word_1_139' title='bbox 372 1534 414 1570; x_wconf 82' lang='lat' dir='ltr'><strong>aut</strong></span> <span class='ocrx_word' id='word_1_140' title='bbox 421 1521 674 1585; x_wconf 83' lang='lat' dir='ltr'><strong>surgenteminrornua</strong></span> <span class='ocrx_word' id='word_1_141' title='bbox 681 1534 783 1577; x_wconf 81' lang='lat' dir='ltr'><strong>cervum,</strong></span> 
     </span>
    </p>
   </div>
   <div class='ocr_carea' id='block_1_4' title="bbox 33 1584 825 2731">
    <p class='ocr_par' dir='ltr' id='par_1_4' title="bbox 33 1584 825 2731">
     <span class='ocr_line' id='line_1_23' title="bbox 115 1584 769 1650; baseline 0.002 -18"><span class='ocrx_word' id='word_1_142' title='bbox 115 1584 170 1633; x_wconf 84' lang='lat' dir='ltr'><strong>Gau</strong></span> <span class='ocrx_word' id='word_1_143' title='bbox 229 1586 296 1635; x_wconf 86' lang='lat' dir='ltr'><strong>hians</strong></span> <span class='ocrx_word' id='word_1_144' title='bbox 306 1588 416 1647; x_wconf 85' lang='lat' dir='ltr'><strong>immane,</strong></span> <span class='ocrx_word' id='word_1_145' title='bbox 429 1601 552 1650; x_wconf 72' lang='lat' dir='ltr'><strong>domusque</strong></span> <span class='ocrx_word' id='word_1_146' title='bbox 559 1585 652 1643; x_wconf 84' lang='lat' dir='ltr'><strong>arrexit,</strong></span> <span class='ocrx_word' id='word_1_147' title='bbox 664 1591 687 1631; x_wconf 89' lang='lat' dir='ltr'><strong>et</strong></span> <span class='ocrx_word' id='word_1_148' title='bbox 696 1584 769 1633; x_wconf 80' lang='lat' dir='ltr'><strong>haret</strong></span> 
     </span>
     <span class='ocr_line' id='line_1_24' title="bbox 114 1648 746 1762; baseline -0.003 -64"><span class='ocrx_word' id='word_1_149' title='bbox 114 1648 248 1762; x_wconf 61' lang='lat' dir='ltr'><strong>gisoeribus</strong></span> <span class='ocrx_word' id='word_1_150' title='bbox 259 1667 328 1716; x_wconf 87' lang='lat' dir='ltr'><strong>snper</strong></span> <span class='ocrx_word' id='word_1_151' title='bbox 337 1652 488 1709; x_wconf 80' lang='lat' dir='ltr'><strong>incumbens3</strong></span> <span class='ocrx_word' id='word_1_152' title='bbox 504 1650 563 1698; x_wconf 78' lang='lat' dir='ltr'><strong>levit</strong></span> <span class='ocrx_word' id='word_1_153' title='bbox 572 1650 678 1713; x_wconf 86' lang='lat' dir='ltr'><strong>improba</strong></span> <span class='ocrx_word' id='word_1_154' title='bbox 688 1657 746 1696; x_wconf 86' lang='lat' dir='ltr'><strong>teter</strong></span> 
     </span>
     <span class='ocr_line' id='line_1_25' title="bbox 142 1730 260 1763; baseline 0.008 -1"><span class='ocrx_word' id='word_1_155' title='bbox 142 1730 168 1762; x_wconf 85' lang='lat' dir='ltr'><strong>ra</strong></span> <span class='ocrx_word' id='word_1_156' title='bbox 178 1730 260 1763; x_wconf 74' lang='lat' dir='ltr'><strong>eruore</strong></span> 
     </span>
     <span class='ocr_line' id='line_1_26' title="bbox 114 1777 661 1831; baseline 0 -4"><span class='ocrx_word' id='word_1_157' title='bbox 114 1777 155 1827; x_wconf 87' lang='lat' dir='ltr'><strong>Sic</strong></span> <span class='ocrx_word' id='word_1_158' title='bbox 166 1779 213 1827; x_wconf 84' lang='lat' dir='ltr'><strong>ruit</strong></span> <span class='ocrx_word' id='word_1_159' title='bbox 223 1780 248 1827; x_wconf 88' lang='lat' dir='ltr'><strong>in</strong></span> <span class='ocrx_word' id='word_1_160' title='bbox 259 1780 340 1829; x_wconf 83' lang='lat' dir='ltr'><strong>densus</strong></span> <span class='ocrx_word' id='word_1_161' title='bbox 350 1780 424 1831; x_wconf 78' lang='lat' dir='ltr'><strong>alacer</strong></span> <span class='ocrx_word' id='word_1_162' title='bbox 435 1779 568 1829; x_wconf 76' lang='lat' dir='ltr'><strong>Merentius</strong></span> <span class='ocrx_word' id='word_1_163' title='bbox 578 1780 661 1828; x_wconf 86' lang='lat' dir='ltr'><strong>hostes.</strong></span> 
     </span>
     <span class='ocr_line' id='line_1_27' title="bbox 114 1843 785 1906; baseline -0.004 -14"><span class='ocrx_word' id='word_1_164' title='bbox 114 1844 231 1892; x_wconf 74' lang='lat' dir='ltr'><strong>Sternitur</strong></span> <span class='ocrx_word' id='word_1_165' title='bbox 240 1844 322 1892; x_wconf 80' lang='lat' dir='ltr'><strong>infelix</strong></span> <span class='ocrx_word' id='word_1_166' title='bbox 332 1846 421 1906; x_wconf 82' lang='lat' dir='ltr'><strong>Acron,</strong></span> <span class='ocrx_word' id='word_1_167' title='bbox 433 1854 456 1894; x_wconf 89' lang='lat' dir='ltr'><strong>et</strong></span> <span class='ocrx_word' id='word_1_168' title='bbox 466 1845 567 1893; x_wconf 75' lang='lat' dir='ltr'><strong>calcibus</strong></span> <span class='ocrx_word' id='word_1_169' title='bbox 577 1853 652 1892; x_wconf 85' lang='lat' dir='ltr'><strong>atram</strong></span> <span class='ocrx_word' id='word_1_170' title='bbox 736 1843 785 1899; x_wconf 85' lang='grc'><strong>730</strong></span> 
     </span>
     <span class='ocr_line' id='line_1_28' title="bbox 116 1907 784 1973; baseline -0.001 -18"><span class='ocrx_word' id='word_1_171' title='bbox 116 1907 209 1956; x_wconf 80' lang='lat' dir='ltr'><strong>Tundit</strong></span> <span class='ocrx_word' id='word_1_172' title='bbox 219 1908 320 1957; x_wconf 89' lang='lat' dir='ltr'><strong>humum</strong></span> <span class='ocrx_word' id='word_1_173' title='bbox 330 1911 456 1973; x_wconf 78' lang='lat' dir='ltr'><strong>exspirans,</strong></span> <span class='ocrx_word' id='word_1_174' title='bbox 468 1910 611 1973; x_wconf 71' lang='lat' dir='ltr'><strong>infractaque</strong></span> <span class='ocrx_word' id='word_1_175' title='bbox 618 1908 665 1956; x_wconf 82' lang='lat' dir='ltr'><strong>tela</strong></span> <span class='ocrx_word' id='word_1_176' title='bbox 672 1915 784 1955; x_wconf 76' lang='lat' dir='ltr'><strong>cruentat.</strong></span> 
     </span>
     <span class='ocr_line' id='line_1_29' title="bbox 114 1972 753 2037; baseline -0.005 -17"><span class='ocrx_word' id='word_1_177' title='bbox 114 1976 198 2036; x_wconf 80' lang='lat' dir='ltr'><strong>Atque</strong></span> <span class='ocrx_word' id='word_1_178' title='bbox 208 1973 271 2022; x_wconf 90' lang='lat' dir='ltr'><strong>idem</strong></span> <span class='ocrx_word' id='word_1_179' title='bbox 281 1973 409 2037; x_wconf 77' lang='lat' dir='ltr'><strong>fugientem</strong></span> <span class='ocrx_word' id='word_1_180' title='bbox 419 1975 483 2023; x_wconf 83' lang='lat' dir='ltr'><strong>haud</strong></span> <span class='ocrx_word' id='word_1_181' title='bbox 494 1983 528 2022; x_wconf 91' lang='lat' dir='ltr'><strong>est</strong></span> <span class='ocrx_word' id='word_1_182' title='bbox 539 1974 647 2036; x_wconf 71' lang='lat' dir='ltr'><strong>dignans</strong></span> <span class='ocrx_word' id='word_1_183' title='bbox 657 1972 753 2021; x_wconf 85' lang='lat' dir='ltr'><strong>Oroden</strong></span> 
     </span>
     <span class='ocr_line' id='line_1_30' title="bbox 115 2037 729 2101; baseline -0.007 -14"><span class='ocrx_word' id='word_1_184' title='bbox 115 2038 230 2098; x_wconf 85' lang='lat' dir='ltr'><strong>Sternere,</strong></span> <span class='ocrx_word' id='word_1_185' title='bbox 241 2053 283 2087; x_wconf 87' lang='lat' dir='ltr'><strong>neo</strong></span> <span class='ocrx_word' id='word_1_186' title='bbox 289 2038 353 2101; x_wconf 73' lang='lat' dir='ltr'><strong>jacti</strong></span> <span class='ocrx_word' id='word_1_187' title='bbox 362 2055 449 2088; x_wconf 80' lang='lat' dir='ltr'><strong>caeeum</strong></span> <span class='ocrx_word' id='word_1_188' title='bbox 459 2039 515 2087; x_wconf 88' lang='lat' dir='ltr'><strong>dare</strong></span> <span class='ocrx_word' id='word_1_189' title='bbox 525 2037 619 2101; x_wconf 81' lang='lat' dir='ltr'><strong>cuspide</strong></span> <span class='ocrx_word' id='word_1_190' title='bbox 629 2037 729 2085; x_wconf 76' lang='lat' dir='ltr'><strong>minua:</strong></span> 
     </span>
     <span class='ocr_line' id='line_1_31' title="bbox 116 2100 663 2167; baseline -0.002 -17"><span class='ocrx_word' id='word_1_191' title='bbox 116 2100 209 2151; x_wconf 83' lang='lat' dir='ltr'><strong>Obvius</strong></span> <span class='ocrx_word' id='word_1_192' title='bbox 219 2103 360 2167; x_wconf 83' lang='lat' dir='ltr'><strong>adversoque</strong></span> <span class='ocrx_word' id='word_1_193' title='bbox 370 2104 476 2165; x_wconf 77' lang='lat' dir='ltr'><strong>occurrit,</strong></span> <span class='ocrx_word' id='word_1_194' title='bbox 488 2118 557 2167; x_wconf 88' lang='lat' dir='ltr'><strong>seque</strong></span> <span class='ocrx_word' id='word_1_195' title='bbox 568 2103 617 2150; x_wconf 85' lang='lat' dir='ltr'><strong>viro</strong></span> <span class='ocrx_word' id='word_1_196' title='bbox 627 2101 663 2149; x_wconf 83' lang='lat' dir='ltr'><strong>vir</strong></span> 
     </span>
     <span class='ocr_line' id='line_1_32' title="bbox 115 2165 786 2229; baseline -0.001 -16"><span class='ocrx_word' id='word_1_197' title='bbox 115 2165 230 2228; x_wconf 74' lang='lat' dir='ltr'><strong>Contulit,</strong></span> <span class='ocrx_word' id='word_1_198' title='bbox 239 2168 304 2217; x_wconf 85' lang='lat' dir='ltr'><strong>haud</strong></span> <span class='ocrx_word' id='word_1_199' title='bbox 314 2168 376 2216; x_wconf 83' lang='lat' dir='ltr'><strong>furto</strong></span> <span class='ocrx_word' id='word_1_200' title='bbox 385 2168 476 2229; x_wconf 85' lang='lat' dir='ltr'><strong>melior,</strong></span> <span class='ocrx_word' id='word_1_201' title='bbox 485 2168 526 2216; x_wconf 86' lang='lat' dir='ltr'><strong>sed</strong></span> <span class='ocrx_word' id='word_1_202' title='bbox 535 2167 633 2215; x_wconf 83' lang='lat' dir='ltr'><strong>fortibus</strong></span> <span class='ocrx_word' id='word_1_203' title='bbox 642 2165 720 2214; x_wconf 87' lang='lat' dir='ltr'><strong>armis.</strong></span> <span class='ocrx_word' id='word_1_204' title='bbox 737 2165 786 2221; x_wconf 80' lang='lat'><strong>735</strong></span> 
     </span>
     <span class='ocr_line' id='line_1_33' title="bbox 118 2230 751 2297; baseline 0 -20"><span class='ocrx_word' id='word_1_205' title='bbox 118 2230 183 2278; x_wconf 84' lang='lat' dir='ltr'><strong>Tum</strong></span> <span class='ocrx_word' id='word_1_206' title='bbox 194 2247 263 2295; x_wconf 82' lang='lat' dir='ltr'><strong>super</strong></span> <span class='ocrx_word' id='word_1_207' title='bbox 274 2234 391 2294; x_wconf 82' lang='lat' dir='ltr'><strong>abjectum</strong></span> <span class='ocrx_word' id='word_1_208' title='bbox 401 2233 476 2297; x_wconf 82' lang='lat' dir='ltr'><strong>positu</strong></span> <span class='ocrx_word' id='word_1_209' title='bbox 485 2232 545 2295; x_wconf 88' lang='lat' dir='ltr'><strong>pede</strong></span> <span class='ocrx_word' id='word_1_210' title='bbox 554 2232 624 2278; x_wconf 84' lang='lat' dir='ltr'><strong>nixus</strong></span> <span class='ocrx_word' id='word_1_211' title='bbox 634 2239 658 2279; x_wconf 85' lang='lat' dir='ltr'><strong>et</strong></span> <span class='ocrx_word' id='word_1_212' title='bbox 671 2230 751 2279; x_wconf 75' lang='lat' dir='ltr'><strong>hastis</strong></span> 
     </span>
     <span class='ocr_line' id='line_1_34' title="bbox 117 2293 769 2358; baseline 0.003 -16"><span class='ocrx_word' id='word_1_213' title='bbox 117 2293 175 2343; x_wconf 90' lang='lat' dir='ltr'><strong>Pars</strong></span> <span class='ocrx_word' id='word_1_214' title='bbox 185 2297 241 2345; x_wconf 84' lang='lat' dir='ltr'><strong>belli</strong></span> <span class='ocrx_word' id='word_1_215' title='bbox 251 2298 314 2346; x_wconf 86' lang='lat' dir='ltr'><strong>haud</strong></span> <span class='ocrx_word' id='word_1_216' title='bbox 325 2298 456 2358; x_wconf 86' lang='lat' dir='ltr'><strong>temnenda,</strong></span> <span class='ocrx_word' id='word_1_217' title='bbox 468 2297 520 2356; x_wconf 87' lang='lat' dir='ltr'><strong>viri,</strong></span> <span class='ocrx_word' id='word_1_218' title='bbox 530 2298 592 2358; x_wconf 75' lang='lat' dir='ltr'><strong>jacet</strong></span> <span class='ocrx_word' id='word_1_219' title='bbox 599 2297 661 2344; x_wconf 83' lang='lat' dir='ltr'><strong>aliua</strong></span> <span class='ocrx_word' id='word_1_220' title='bbox 671 2294 769 2345; x_wconf 84' lang='lat' dir='ltr'><strong>Orodes.</strong></span> 
     </span>
     <span class='ocr_line' id='line_1_35' title="bbox 116 2358 825 2426; baseline 0.004 -20"><span class='ocrx_word' id='word_1_221' title='bbox 116 2358 271 2409; x_wconf 83' lang='lat' dir='ltr'><strong>Conclamant</strong></span> <span class='ocrx_word' id='word_1_222' title='bbox 281 2362 335 2411; x_wconf 78' lang='lat' dir='ltr'><strong>socii</strong></span> <span class='ocrx_word' id='word_1_223' title='bbox 345 2363 426 2410; x_wconf 78' lang='lat' dir='ltr'><strong>latum</strong></span> <span class='ocrx_word' id='word_1_224' title='bbox 436 2378 519 2426; x_wconf 71' lang='lat' dir='ltr'><strong>poena</strong></span> <span class='ocrx_word' id='word_1_225' title='bbox 528 2361 608 2409; x_wconf 75' lang='lat' dir='ltr'><strong>wenti.</strong></span> <span class='ocrx_word' id='word_1_226' title='bbox 821 2398 825 2402; x_wconf 79' lang='grc'><em>.</em></span> 
     </span>
     <span class='ocr_line' id='line_1_36' title="bbox 116 2424 786 2491; baseline -0.001 -19"><span class='ocrx_word' id='word_1_227' title='bbox 116 2424 247 2474; x_wconf 79' lang='lat' dir='ltr'><strong>Illeantem</strong></span> <span class='ocrx_word' id='word_1_228' title='bbox 254 2427 385 2491; x_wconf 73' lang='lat' dir='ltr'><strong>exspiranss</strong></span> <span class='ocrx_word' id='word_1_229' title='bbox 396 2428 453 2476; x_wconf 90' lang='lat' dir='ltr'><strong>Non</strong></span> <span class='ocrx_word' id='word_1_230' title='bbox 460 2441 508 2487; x_wconf 89' lang='lat' dir='ltr'><strong>me,</strong></span> <span class='ocrx_word' id='word_1_231' title='bbox 514 2424 786 2490; x_wconf 46' lang='lat' dir='ltr'><strong>quintmqueminulto,</strong></span> 
     </span>
     <span class='ocr_line' id='line_1_37' title="bbox 115 2488 786 2555; baseline -0.003 -17"><span class='ocrx_word' id='word_1_232' title='bbox 115 2488 206 2550; x_wconf 81' lang='lat' dir='ltr'><strong>Victor,</strong></span> <span class='ocrx_word' id='word_1_233' title='bbox 217 2505 259 2540; x_wconf 85' lang='lat' dir='ltr'><strong>noc</strong></span> <span class='ocrx_word' id='word_1_234' title='bbox 269 2492 367 2555; x_wconf 82' lang='lat' dir='ltr'><strong>longum</strong></span> <span class='ocrx_word' id='word_1_235' title='bbox 377 2492 496 2550; x_wconf 74' lang='lat' dir='ltr'><strong>laetabere3</strong></span> <span class='ocrx_word' id='word_1_236' title='bbox 513 2500 537 2539; x_wconf 85' lang='lat' dir='ltr'><strong>te</strong></span> <span class='ocrx_word' id='word_1_237' title='bbox 546 2504 640 2555; x_wconf 89' lang='lat' dir='ltr'><strong>quoque</strong></span> <span class='ocrx_word' id='word_1_238' title='bbox 650 2490 699 2539; x_wconf 84' lang='lat' dir='ltr'><strong>fata</strong></span> <span class='ocrx_word' id='word_1_239' title='bbox 737 2490 786 2544; x_wconf 77' lang='grc'><strong>740</strong></span> 
     </span>
     <span class='ocr_line' id='line_1_38' title="bbox 116 2553 763 2621; baseline 0.002 -20"><span class='ocrx_word' id='word_1_240' title='bbox 116 2554 267 2617; x_wconf 79' lang='lat' dir='ltr'><strong>Prospeetent</strong></span> <span class='ocrx_word' id='word_1_241' title='bbox 278 2555 351 2621; x_wconf 79' lang='lat' dir='ltr'><strong>paria,</strong></span> <span class='ocrx_word' id='word_1_242' title='bbox 362 2564 432 2621; x_wconf 84' lang='lat' dir='ltr'><strong>atque</strong></span> <span class='ocrx_word' id='word_1_243' title='bbox 443 2557 525 2605; x_wconf 87' lang='lat' dir='ltr'><strong>eadem</strong></span> <span class='ocrx_word' id='word_1_244' title='bbox 535 2570 592 2603; x_wconf 84' lang='lat' dir='ltr'><strong>mox</strong></span> <span class='ocrx_word' id='word_1_245' title='bbox 602 2570 659 2603; x_wconf 83' lang='lat' dir='ltr'><strong>arva</strong></span> <span class='ocrx_word' id='word_1_246' title='bbox 668 2553 763 2603; x_wconf 81' lang='lat' dir='ltr'><strong>tenebis</strong></span> 
     </span>
     <span class='ocr_line' id='line_1_39' title="bbox 115 2613 782 2731; baseline 0.004 -66"><span class='ocrx_word' id='word_1_247' title='bbox 115 2613 158 2667; x_wconf 81' lang='lat' dir='ltr'><strong>Ad</strong></span> <span class='ocrx_word' id='word_1_248' title='bbox 167 2634 238 2684; x_wconf 89' lang='lat' dir='ltr'><strong>quem</strong></span> <span class='ocrx_word' id='word_1_249' title='bbox 249 2619 660 2731; x_wconf 61' lang='lat' dir='ltr'><strong>subridensmixtiMezentiusi21h</strong></span> <span class='ocrx_word' id='word_1_250' title='bbox 779 2660 782 2668; x_wconf 92' lang='lat'>.</span> 
     </span>
     <span class='ocr_line' id='line_1_40' title="bbox 33 2694 657 2731; baseline 0 0"><span class='ocrx_word' id='word_1_251' title='bbox 33 2708 36 2715; x_wconf 74' lang='grc'><strong>’</strong></span> <span class='ocrx_word' id='word_1_252' title='bbox 639 2694 657 2731; x_wconf 76' lang='lat' dir='ltr'>B</span> 
     </span>
    </p>
   </div>
   <div class='ocr_carea' id='block_1_5' title="bbox 0 0 954 2917">
    <p class='ocr_par' dir='ltr' id='par_1_5' title="bbox 0 0 954 2917">
     <span class='ocr_line' id='line_1_41' title="bbox 0 0 954 2917; baseline 0 0"><span class='ocrx_word' id='word_1_253' title='bbox 0 0 954 2917; x_wconf 95' lang='lat' dir='ltr'><strong> </strong></span> 
     </span>
    </p>
   </div>
  </div>
 </body>
</html>
