1892 2917
134 119 184 176 27⁶
339 113 463 165 AENEIS.
479 113 529 165 IX.
546 113 601 171 174.

132 246 218 296 (Jtnnir
227 261 270 311 per
278 259 359 294 muros
368 245 440 308 legio,
451 245 532 294 sortita
542 243 665 308 periclum,

132 312 252 370 Excubat,
269 323 406 375 exercetque
422 310 492 370 riam,
511 309 575 374 quod
591 310 675 374 cuique
691 309 814 361 tuendum

195 405 199 414 ·
231 386 274 424 ert.
759 378 813 432 175

166 440 240 490 Nuus
250 449 299 490 eret
309 449 382 505 potue
392 448 478 500 eustos,
490 439 614 488 acerrimus
625 440 704 498 armis,

133 505 282 570 Hyrtacides,
294 506 402 554 comitem
413 507 497 553 AEnere
507 519 578 568 quem
587 505 681 552 miserat
692 505 737 552 Ida

133 571 258 629 Venatrix‚
267 572 345 633 jaculo
355 571 451 618 oelerem
461 569 598 633 levibusque
610 570 713 632 sagitti15

133 637 167 685 Et
176 638 245 698 juxte
255 651 331 683 eomes
341 635 469 699 Euryalus,
481 649 528 698 quo
539 633 656 698 pulchrior
667 635 725 681 ulter

133 701 189 750 Non
202 701 247 749 fuit
257 700 399 760 AEneaddrq
411 700 515 761 Trojane
526 713 601 762 neque
611 699 688 746 induit
697 714 781 755 arma3

133 765 185 815 Ora
195 779 253 830 puer
263 765 340 830 primi
350 765 444 828 signant
455 765 546 812 intonsa
554 765 659 824 Juventd.
760 765 812 820 181,

134 830 181 879 Hir
191 845 257 878 amor
267 844 329 877 unua
339 841 396 886 erat,
407 829 539 892 pariterque
549 828 573 874 in
584 828 646 876 bella
656 830 768 886 ruebant;

135 894 201 942 Tum
212 909 307 958 quoque
316 894 437 941 eommuni
479 903 538 940 rtem
549 893 646 940 statione
657 894 775 941 tenebant.

135 959 211 1007 Ninus
221 959 262 1016 ait,
274 959 339 1006 Dine
348 958 412 1005 hune
464 973 528 1004 orem
539 958 656 1005 mentibus
667 957 765 1019 addunt,

134 1022 258 1086 Euryale?
275 1037 305 1070 an
316 1039 358 1070 sua
368 1023 452 1086 cuique
464 1022 530 1069 Deus
540 1021 567 1068 fit
578 1021 628 1068 dire
638 1022 742 1086 cupido?

129 1089 187 1136 'Aut
197 1102 311 1151 pugnam,
322 1097 363 1135 aut
373 1085 463 1150 aliquid
471 1085 613 1147 jamdudum
624 1086 730 1135 invadere
741 1102 814 1152 mag.

232 1167 291 1199 num
757 1153 810 1202 186

134 1215 207 1266 Man
217 1217 291 1279 agitat
300 1215 375 1271 mihi3
392 1231 435 1264 nec
443 1214 538 1280 placidi
548 1224 655 1264 contenta
665 1216 744 1280 quiete
754 1225 800 1266 est.

135 1281 226 1339 ennio,
238 1297 291 1344 quae
302 1281 405 1328 Rutulos
414 1282 500 1329 habeat
510 1280 595 1328 fiducia
605 1297 691 1340 repam.

135 1346 239 1394 Lumina
249 1362 302 1394 rara
310 1345 397 1392 micant
406 1364 413 1404 ;
431 1359 513 1393 somno
524 1348 624 1409 vinoque
634 1345 718 1410 sepulti

135 1411 299 1467 Procubudre;
317 1410 384 1458 silent
394 1411 441 1458 late
450 1411 508 1464 loco„
540 1410 636 1474 Percipe
646 1425 720 1474 porro,
761 1411 812 1462 190

27 1480 29 1484 '
134 1476 201 1535 Quid
213 1475 326 1532 dubitem,
337 1483 360 1522 et
369 1491 422 1538 quar
432 1490 495 1522 nunc
506 1474 585 1522 animo
596 1475 709 1523 sententia
719 1485 812 1540 surgat.

133 1541 227 1589 AEnean
238 1540 307 1588 anciri
317 1555 406 1599 omnee,
417 1540 566 1603 populusque
577 1549 708 1603 patresque,

133 1605 287 1669 Expoecrrnt5
303 1603 412 1668 mittique
422 1604 492 1662 viros,
504 1604 545 1667 qui
555 1613 617 1652 certa
627 1613 750 1668 reportent
816 1619 820 1628 ¹

134 1670 161 1718 Si
171 1671 223 1730 tibi,
235 1685 288 1734 qure
298 1683 375 1732 poeno,
387 1669 526 1732 promittunt
537 1671 602 1722 (nem
613 1669 671 1716 mihi
681 1669 736 1717 facti

135 1734 210 1782 Fama
219 1740 319 1792 retest),
332 1733 424 1794 tumulo
434 1732 513 1780 videor
524 1734 622 1796 reperire
633 1733 727 1782 nubilio
762 1735 814 1786 195

134 1799 205 1847 Posse
215 1799 276 1847 viam
287 1798 317 1845 ad
328 1813 407 1845 muros
419 1806 442 1844 et
452 1797 537 1846 moenia
549 1797 676 1846 Pallantea

166 1863 297 1928 Obstupuit
306 1866 392 1926 magno
402 1862 500 1910 laudum
511 1877 632 1925 percussura
642 1878 720 1911 amore

133 1927 267 1992 Euryaiua;
285 1927 355 1976 aimul
365 1927 402 1974 hia
412 1926 530 1975 ardentem
542 1928 626 1975 affatur
637 1927 755 1976 amioum:

134 1993 208 2042 Mene
217 1993 289 2056 igitur
298 1993 387 2040 socium
398 1992 496 2039 nummis
507 1991 632 2056 adjungere
643 1995 719 2052 rebus,

134 2056 202 2116 Nise,
213 2057 292 2120 fugin?
309 2057 385 2105 solum
396 2065 419 2107 te
428 2057 452 2103 in
464 2065 529 2104 tanta
539 2057 641 2120 pericula
650 2057 763 2106 mittam?

133 2121 190 2169 Non
201 2121 234 2168 ita
244 2136 283 2168 me
292 2121 390 2184 genitor,
400 2120 467 2169 bellis
477 2130 590 2182 assuetus,
602 2122 723 2188 Opheltes,
757 2125 808 2172 201

132 2185 272 2250 Argolicum
285 2194 395 2234 terrorem
405 2185 466 2238 inter
477 2185 533 2247 Troj
573 2202 602 2234 ue
611 2187 702 2236 laboret

134 2250 268 2311 Sublatam,
280 2250 379 2307 erudiitg
397 2265 440 2298 nee
451 2260 528 2297 tetum
573 2252 594 2299 'e
604 2251 673 2314 genai,

134 2314 317 2378 Magnanimum
327 2315 429 2375 AEneun,
441 2324 464 2363 et
475 2315 523 2366 fate
533 2324 636 2364 extrema
647 2325 746 2365 seoutua.

133 2379 179 2427 Est
188 2379 236 2438 hie,
247 2388 282 2427 eat
292 2380 384 2427 enimus
394 2379 453 2428 lucia
462 2387 599 2438 contemtor,
610 2390 634 2430 et
643 2381 715 2430 istum
757 2385 810 2434 205
865 2414 870 2424 =

133 2443 184 2502 Qui
194 2443 242 2491 vitd
253 2446 311 2492 bene
322 2443 400 2492 eredat
409 2444 465 2504 erni,
477 2458 524 2508 quo
535 2445 617 2505 tendis,
629 2445 750 2496 honorem.

133 2507 249 2556 Niruead
258 2507 322 2556 bne:
339 2508 458 2572 Equidem
468 2506 498 2556 de
508 2516 533 2557 te
542 2509 577 2557 nil
587 2511 633 2558 tale
643 2513 752 2570 verebar3

133 2571 186 2620 Nee
195 2571 244 2632 sm
260 2586 316 2620 noa.
343 2572 383 2621 Ita
392 2587 431 2621 me
440 2573 524 2622 παίεται
533 2575 577 2623 tibi
586 2577 688 2640 magnus
697 2585 811 2628 omnum
