1892 2917
384 59 509 139 conare
737 86 788 138 aar

113 216 260 280 Preceptum
269 216 377 281 agnam
386 218 429 267 iter
436 235 444 267 e
461 232 505 267 nec
513 218 602 267 retuffit
610 218 674 268 inuis

114 281 227 342 Lumina,
235 297 278 331 nec
289 282 358 331 Dives
367 283 469 346 corrupit
478 298 575 332 munera
585 284 673 347 lingua
738 284 787 333 290

114 346 161 393 Sed
171 356 207 407 tu,
218 346 324 409 erudelis,
336 348 435 397 crudetis
446 356 473 395 tu
483 348 568 411 magu,
579 348 687 413 Orphea,

114 410 204 460 Oscula
214 427 266 459 cara
275 420 363 476 petens,
374 412 457 475 rupisti
465 415 531 475 Jusaa
541 412 653 461 Deorum.

114 474 209 538 Dignus
220 491 285 524 amor
294 476 370 538 venii,
382 486 476 540 gratum
487 477 507 525 si
518 478 617 525 Tartara
626 479 722 527 nossent

116 539 242 589 Peccatum
252 541 372 605 ignovisse.
390 543 437 591 Sed
447 551 470 590 et
480 556 521 590 vos
530 542 584 590 sede
593 542 695 605 piorum,

115 603 165 652 Vos
175 614 263 663 mutet,
274 606 363 667 herois,
374 615 453 655 cenna
463 621 554 655 nemus.
572 606 622 654 Hic
633 616 656 655 et
666 615 765 672 uterque

114 668 231 728 AEacidee‚
243 670 328 718 Peleus
337 686 422 735 nempe
432 679 455 720 et
464 671 602 720 Telamonia
612 671 694 733 virtus,
736 672 786 722 206

113 732 161 780 Per
171 734 242 797 patris
253 750 331 783 secura
341 736 446 783 locantur
456 736 570 793 numina;
589 750 690 799 quorum

114 797 243 849 connubiis
254 799 335 847 Venus
346 808 368 849 et
378 799 461 853 Virtus
471 800 575 861 injunxit
585 800 695 849 honorem
705 818 713 848 t

114 862 187 911 Hunc
198 864 258 924 cepit
268 879 341 924 serva,
352 872 387 913 ast
397 864 465 913 illum
476 864 560 913 Nereis
571 865 664 913 amavit

112 926 257 975 Assidet'his
265 929 366 989 juvenis,
378 928 448 977 sociat
456 944 527 993 quem
537 930 627 992 glutiat
644 928 719 990 fortis,
735 930 786 979 300

112 991 184 1050 Acer,
196 991 308 1041 inexustis
318 993 416 1041 referens
427 993 549 1042 anavibus
559 994 624 1057 ignes

112 1056 230 1119 Argolicis
240 1056 355 1121 Phrygios
366 1056 430 1106 torvi
440 1058 530 1107 feritate
539 1058 649 1121 repulsos·

112 1119 152 1168 ΟΞ
171 1120 223 1184 quis
233 1136 280 1168 non
290 1130 378 1185 repetat
387 1122 440 1170 talia
451 1122 623 1180 divortia-beni,

112 1183 175 1243 Quae
186 1186 259 1233 Trois
270 1184 355 1245 vidire,
367 1186 410 1234 viri
420 1186 544 1250 videreque
554 1187 639 1235 Graii?

112 1249 212 1297 Teucria
223 1265 277 1297 cum
287 1250 362 1299 multo
373 1260 478 1299 manaret
488 1251 600 1315 sangiune
610 1251 687 1310 tellus,
735 1253 785 1301 305
860 1238 863 1244 ¹

110 1312 145 1361 Et
155 1314 241 1361 Simois
252 1314 389 1379 Xanthique
398 1316 489 1379 liquor,
507 1316 623 1379 Sigeaque
633 1325 727 1380 propter

111 1377 201 1439 Litora,
212 1393 268 1427 cum
280 1379 362 1439 Troas,
374 1380 429 1427 saevi
439 1379 505 1429 ducis
515 1380 622 1429 Hectoris
631 1380 676 1442 ira,

110 1441 198 1490 Videre
208 1442 233 1491 in
244 1443 325 1491 classes
335 1442 431 1492 inimica
441 1453 519 1492 mente
529 1444 640 1507 Pelasgas

111 1506 225 1568 Vulnera,
236 1508 291 1568 tela,
303 1522 377 1568 neces,
389 1508 463 1571 ignes,
475 1507 559 1557 inferre
569 1517 668 1572 paratos.

110 1570 167 1635 Ipsa
174 1572 238 1635 jugis
245 1587 348 1635 namque
358 1572 403 1620 Ida
413 1582 494 1637 patena
501 1573 658 1633 vernantibus,
668 1572 720 1639 ipsa
734 1575 784 1622 310

109 1636 155 1684 Ida
165 1637 225 1685 facea
236 1636 305 1685 altrix
316 1636 407 1701 cupidis
415 1640 533 1701 prebebat
542 1638 652 1699 alumnis,
754 1679 759 1694 ,

110 1700 196 1749 Omnis
208 1710 235 1749 ut
245 1701 270 1748 in
281 1701 366 1749 cineres
378 1702 470 1750 Bhoetei
480 1701 554 1749 litoris
564 1717 604 1750 ora

109 1764 229 1821 classibus
239 1764 352 1814 ambustis
363 1766 459 1815 flamma
470 1776 591 1830 superante
601 1766 700 1815 daretur.

109 1830 175 1879 Hinc
185 1839 233 1877 erat
243 1830 362 1894 oppositus
373 1840 452 1879 contra
463 1831 615 1893 Telamonius
625 1832 701 1892 heros,
801 1885 803 1888 ,

108 1894 255 1958 Objectoque
266 1895 336 1943 dabat
346 1895 426 1959 clypeo
437 1896 580 1953 certamina3
598 1904 621 1943 et
631 1896 696 1945 illinc
733 1897 783 1945 315

110 1958 198 2007 Hector
208 1967 265 2018 erat,
279 1960 356 2021 Trojae
363 1970 486 2007 summum
496 1960 580 2015 <locust
598 1976 650 2008 acer
660 1970 766 2026 uterque,

108 2023 259 2075 Fulminibus
270 2025 327 2071 coelo
337 2024 410 2072 veluti
422 2024 497 2088 fragor
508 2025 583 2073 editus
593 2025 656 2081 alto3

107 2087 207 2150 Ignibus
217 2087 256 2137 hic
266 2088 331 2135 taedis
348 2104 378 2137 ue
387 2089 475 2148 furens,
487 2089 507 2137 si
518 2090 629 2138 classibus
638 2090 719 2154 Argos

106 2152 200 2215 Eripiat
210 2152 311 2210 reditus3
329 2106 369 2201 ille
381 2162 405 2201 at
415 2153 534 2202 Vulcania
542 2154 603 2203 ferro
684 2169 687 2173 ⁴

107 2217 214 2266 Vulnera
223 2218 331 2281 protectis
341 2218 454 2282 depellere
464 2219 563 2267 navibus
573 2219 650 2267 instat.
731 2221 783 2269 32⁰

107 2280 157 2329 Hic
168 2291 216 2329 erat
226 2281 334 2329 AEacides
345 2283 410 2341 alter,
421 2283 513 2331 laetatus
523 2284 619 2345 honore,

106 2345 232 2393 Dardaniis
243 2346 289 2394 alte
305 2346 358 2394 fuso
368 2346 431 2410 quod
443 2348 555 2410 sanguine
566 2349 655 2413 campis

106 2411 222 2459 Hectoreo
233 2411 305 2459 notor
314 2410 421 2460 lustravit
431 2426 525 2475 corpore
535 2412 640 2474 Trojam.

108 2474 222 2589 [Βιιτειιῗ1
230 2478 311 2524 acerba
325 2476 437 2537 fremunt,
449 2476 516 2525 Paris
531 2477 595 2526 hunc
604 2479 669 2543 quod
683 2479 748 2540 letat,
760 2488 785 2528 et
811 2512 813 2516 -

56 2579 59 2591 .
222 2556 277 2602 ujus
610 2578 612 2583 .
786 2584 789 2587 ,

107 2605 183 2653 Alma
192 2604 252 2667 dolis
262 2604 339 2653 Ithaci
350 2604 422 2654 virtus
433 2605 498 2670 quod
506 2607 606 2655 concidit
615 2608 682 2673 icta]
722 2609 783 2657 ,325

92 2708 93 2713 ,
107 2668 174 2719 Huic
184 2670 243 2735 gerit
252 2685 343 2720 aversos
352 2671 428 2732 proles
440 2671 535 2720 Laertia
544 2670 646 2731 vultum.
753 2707 759 2711 -
