1892 2917
343 89 531 141 nnumin
549 91 604 138 tao
725 136 727 153 ,
762 89 811 138 ass

136 220 209 271 sevit
219 218 414 278 atroxVolsoeni,
424 219 516 268 necoeli
525 219 635 294 constitut
645 231 747 284 usquam
760 219 810 268 420

135 289 275 344 Auctorem,
286 299 329 332 nec
338 299 386 348 quo
396 299 421 332 ee
430 284 513 333 ardens
522 284 648 333 immittere
657 284 736 348 possit·
827 329 830 336 .

137 351 179 398 Tu
190 359 269 398 tamen
279 350 367 396 interea
376 349 452 398 calido
462 349 522 397 mihi
532 349 644 412 sanguine
654 365 733 413 poenas
806 387 811 398 .

137 415 258 463 Persolves
268 416 400 471 amborum,
411 414 504 478 inquit;
520 415 592 462 simul
602 429 655 462 ense
665 414 755 462 recluso

136 481 193 529 Ibat
202 480 227 526 in
239 480 378 541 Euryalum.
388 473 393 493 ¹
412 479 478 526 Tum
490 495 552 537 vero,
564 479 694 539 exterritus,
707 493 796 538 ament,

137 545 276 593 Conclamat
286 544 359 591 Nisus
365 561 373 600 3
393 557 436 591 nec
446 559 471 591 se
482 544 555 592 celare
565 543 665 591 tenebris
761 545 810 591 425

136 609 260 672 Amplius,
274 617 316 655 aut
327 617 418 655 tuntum
428 609 506 671 potuit
516 609 614 672 perferre
624 607 742 656 doloremt

136 674 190 732 Me,
202 689 241 720 me
251 673 352 730 (adsum,
364 673 406 736 qui
416 673 479 732 feei),
491 674 515 720 in
526 689 565 721 me
576 673 700 721 convertite
710 673 808 732 serrum,

100 788 103 792 ,
137 738 274 787 ORutuli!
292 737 520 798 meafrausomnis3
538 737 793 798 nihilistenecaustis,

6 833 9 840 -
99 820 105 840 1
136 803 189 851 Nec
199 803 290 864 potuit:
307 801 390 850 melum
401 803 446 850 hoc
455 812 480 850 et
490 803 579 851 conseia
589 802 663 852 edera
673 811 749 853 testor.

136 867 244 916 Tantum
254 867 369 914 infelicem
380 867 480 914 nimium
491 867 573 916 dilexit
583 867 695 916 amioum.
760 867 808 915 4³0

137 933 207 981 Talis
217 932 279 980 dieta
288 932 359 978 dabat
365 949 373 990 ;
390 931 430 979 sod
441 932 528 980 viribus
538 933 598 980 ensis
608 931 703 981 adactus
768 955 770 962 v

138 996 272 1045 'l'ransabiit
282 1001 364 1055 costas,
374 1005 398 1044 et
408 997 506 1044 condida
516 1006 608 1060 pectora
615 998 710 1061 rumpit.

137 1061 248 1110 Volvitur
257 1061 376 1125 Euryalus
386 1061 441 1121 leto,
453 1061 608 1126 pulchrosque
617 1077 658 1126 per
668 1071 732 1110 artus

137 1125 163 1174 It
172 1141 248 1181 cruor,
258 1126 331 1188 inque
341 1126 451 1172 humeros
461 1127 539 1174 cervix
549 1127 650 1190 collapso
660 1125 774 1175 recumbit
783 1143 791 1186 ς

137 1191 274 1254 Purpureus
284 1190 356 1238 veluti
365 1205 420 1237 cum
430 1191 481 1249 flos,
493 1191 593 1239 succisus
603 1199 687 1250 aratro,
759 1193 807 1240 435

137 1255 279 1318 languescit
289 1255 403 1310 moriens3
420 1255 509 1302 lassove
519 1271 634 1318 papavera
644 1257 703 1304 collo

137 1319 259 1368 Demisere
269 1328 347 1382 caput,
359 1319 441 1382 pluviis
451 1334 505 1367 cum
516 1319 575 1368 forte
585 1329 718 1382 gravantur.

136 1385 175 1432 At
186 1383 317 1446 Nisus-ruit
326 1384 351 1430 in
361 1383 456 1438 medios.
468 1385 591 1446 solumque
600 1401 642 1447 per
652 1399 732 1432 omnes

137 1449 285 1496 vomentem
296 1449 370 1510 petits
388 1448 413 1494 in
424 1449 473 1497 solo
481 1448 605 1496 Volscente
614 1458 733 1496 moratur:

138 1514 217 1573 Quem
228 1513 315 1625 iiim
325 1512 447 1576 glomerati
453 1512 531 1561 hostes
539 1512 593 1561 hinc
601 1513 731 1562 comminus
738 1522 809 1578 atque

251 1578 288 1626 'nc
760 1581 808 1628 440

136 1644 286 1691 Proturbont.
321 1642 398 1691 Instat
406 1657 454 1690 non
464 1642 546 1704 secius,
557 1659 585 1692 ae
594 1652 654 1692 rotat
664 1659 743 1693 ensem

137 1708 304 1765 Fulmineum
320 1708 393 1756 donec
403 1708 489 1756 Rutuli
499 1707 620 1758 &mantis
630 1709 654 1756 in
665 1725 704 1757 ore
799 1749 801 1752 .

137 1773 249 1820 Condidit
259 1772 362 1832 adraso,
373 1781 397 1821 et
405 1773 507 1820 moriens
515 1771 620 1822 'annuam
631 1774 728 1822 abstulit
737 1773 806 1824 hosti.

127 1838 203 1885 ¹Tum
214 1853 285 1900 super
294 1837 425 1884 exanimem
437 1853 485 1885 sese
495 1838 591 1901 projecit
600 1839 702 1886 ornicum
855 1850 861 1856 ”

137 1902 272 1957 Confessus,
281 1902 417 1966 placidique
424 1902 459 1950 ibi
465 1902 561 1949 demum
570 1912 644 1950 morte
650 1903 744 1966 quievit.
761 1903 809 1951 445
906 1911 912 1916 ’

169 1966 293 2015 Fortunati
302 1967 387 2014 ambo!
406 1967 427 2014 si
437 1967 495 2030 quid
505 1982 558 2014 mea
565 1969 670 2027 'cannino
680 1976 785 2031 possunt,

136 2032 212 2080 Nulla
222 2031 271 2079 dies
281 2047 387 2094 unquam
397 2031 495 2079 memori
506 2047 547 2080 vos
558 2031 644 2080 eximet
654 2047 711 2091 sevo,
800 2069 804 2076 .

136 2096 204 2144 Dum
215 2096 299 2144 domus
309 2097 393 2144 AEneae
402 2095 504 2158 Capitoli
514 2097 634 2146 immobile
645 2113 728 2145 saxum

136 2161 242 2217 Accolet,
253 2161 425 2224 imperiumque
434 2170 500 2223 pater
511 2162 632 2209 &manus
642 2161 744 2211 habebit.

171 2225 277 2274 Victores
287 2226 366 2289 praedi
376 2225 462 2272 Rutuli
472 2226 597 2289 spoliisque
607 2227 682 2289 potiti,
760 2227 809 2276 450

138 2289 287 2338 Volsoentem
297 2291 433 2339 exanimum
441 2290 521 2338 flentes
531 2290 556 2337 in
567 2301 640 2338 castra
649 2291 761 2341 ferebant.
792 2293 796 2304 '

139 2355 192 2403 Nee
202 2356 278 2402 minor
288 2355 313 2402 in
325 2355 403 2402 castris
413 2355 498 2413 luente,
510 2355 643 2404 Rhamnete
652 2365 741 2420 reperto

138 2419 269 2483 Exsangui‚
281 2428 304 2468 et
313 2419 396 2483 primis
406 2420 454 2468 uui
465 2428 500 2467 tot
509 2420 571 2468 caede
581 2421 697 2484 peremtis,

137 2485 284 2549 Sananoque
295 2485 431 2548 Numisque.
464 2485 553 2548 Ingens
564 2500 686 2534 concursus
697 2485 727 2534 ad
738 2484 790 2550 ipsa

138 2546 244 2614 Corpora
253 2549 425 2614 minasque
433 2551 505 2610 viros,
517 2549 643 2614 unldique
651 2559 766 2605 muttum
797 2586 799 2590 v
