1892 2917
357 144 479 195 nume.
496 146 529 195 x.
546 126 588 195 25ss
755 143 805 191 ees
848 117 853 136 '

140 274 228 324 AEness
237 274 331 338 ignarus
341 276 412 324 abest.
439 275 601 340 Nunqueume
609 273 681 323 levari
775 273 807 319 25

140 338 269 388 Obsidione
280 338 358 388 sines?
386 339 464 387 Muris
474 340 559 388 iterum
570 339 677 387 imminet
686 336 759 387 hostis

140 403 263 452 Nascentis
275 402 367 464 Trojaeg
385 419 473 454 necnon
484 404 597 453 exereitus
607 404 673 461 ulter,

141 468 166 515 A
193 484 223 515 ue
233 466 317 515 iterum
327 468 352 515 in
364 468 467 517 Teucros
479 469 563 517 AEtolu
573 468 647 531 surgit
656 470 686 516 eb
696 466 771 530 Arpis

142 532 182 595 Ty
200 531 254 581 'dee
281 532 408 595 Equidem,
419 534 496 592 credo,
507 549 560 581 mes
569 532 666 581 vulnera
675 540 776 587 restentz

141 596 184 656 Et,
196 605 237 644 tus
246 596 374 660 progenies,
386 598 493 647 mortalis
502 598 608 645 denotor
618 596 698 644 erma!
776 594 810 642 ³0

143 660 169 709 Si
179 660 229 709 sine
238 676 295 725 paee
305 661 355 722 tui,
367 670 437 725 etque
446 662 520 711 invito
528 662 634 721 numine,
645 660 719 708 Trois

141 724 236 773 Italiam
247 725 342 789 pedire,
352 726 420 774 luent
429 735 536 791 pmte3
553 740 629 789 neque
638 725 691 773 illos

142 788 236 838 Juveris
247 789 342 837 auxilio.
369 790 410 839 Sin
421 799 456 840 tut
466 805 575 854 response
584 789 665 849 secuti,
787 822 791 827 =

144 852 205 912 Quae
211 854 294 918 Superi
298 854 428 918 Manesque
433 854 639 920 dsbmgurrnune
644 852 813 917 tusqnisqnem

145 918 242 967 Vertere
249 919 314 979 jussu
324 926 406 982 potest,
418 928 459 967 eut
469 936 511 968 mr
520 934 581 967 nove
591 918 688 967 condere
697 918 763 965 feu?
779 916 812 963 ³5

145 980 211 1041 Quid
222 991 324 1046 repetem
334 990 426 1031 exustas
435 984 537 1048 Erycino
547 984 572 1031 in
582 983 649 1032 litore
659 982 761 1030 diues?

146 1045 212 1105 Quid
222 1053 384 1111 tempestatum
395 1063 482 1111 regem,
493 1057 618 1112 ventosque
627 1048 729 1095 furentes

145 1110 227 1159 AEolie
237 1110 331 1169 excites,
342 1121 383 1160 sut
393 1122 468 1161 men]
479 1112 581 1161 n'ubibus
592 1112 668 1160 Irim?

147 1175 219 1223 Nunc
229 1174 300 1223 etism
311 1175 396 1225 Manes
407 1176 466 1231 (hec
476 1177 589 1224 intentata
598 1178 707 1225 manebat

146 1240 201 1288 Sors
211 1249 300 1298 rernm)
310 1248 402 1299 movet;
414 1251 446 1302 et,
457 1241 545 1305 superis
555 1241 660 1288 immisse
669 1245 772 1303 repente,
783 1238 815 1284 40

147 1304 232 1351 Alecto
242 1304 330 1352 medius
340 1304 428 1353 Italum
438 1306 549 1354 bacchata
558 1321 599 1369 per
608 1308 685 1353 urbes.

147 1368 192 1415 Nil
203 1384 271 1431 super
281 1368 378 1433 imperio
386 1385 494 1419 moveor:
511 1369 653 1433 speravimus
662 1369 715 1427 ista,

148 1431 216 1479 Dum
226 1432 319 1480 fortune
327 1432 388 1481 snite
405 1435 506 1493 vincant,
517 1449 575 1498 quos
585 1434 675 1481 vincere
684 1431 766 1480 mavis.

148 1496 174 1544 Si
185 1496 250 1543 nullu
260 1505 294 1545 est
305 1499 376 1561 regio,
388 1497 485 1547 Teucris
495 1514 567 1564 quem
577 1498 616 1546 det
626 1506 667 1545 tue
676 1498 763 1559 conjux

147 1560 231 1617 Dure;
248 1577 290 1625 per
300 1577 391 1622 eversae,
449 1564 500 1621 tor,
510 1562 626 1611 iumentis
636 1562 716 1624 Trojae
784 1559 816 1607 45

147 1624 266 1685 Exscidis,
278 1627 377 1674 obtestor
385 1645 392 1685 i
419 1628 477 1675 'eeet
487 1627 602 1676 dimittere
612 1627 642 1674 eb
653 1625 724 1673 ermis

149 1688 296 1745 ineolumem
306 1691 445 1752 Ascanium,
456 1691 524 1740 liceat
534 1706 651 1755 superesse
660 1698 775 1754 nepotem.

149 1753 238 1802 AEuess
248 1768 302 1802 sene
312 1754 397 1817 ignotis
405 1757 504 1816 jactetur
514 1756 539 1803 in
549 1755 635 1813 undis;

149 1817 192 1877 Et,
205 1833 376 1884 quemcumque
386 1820 447 1867 viem
458 1820 546 1868 dederit
553 1820 666 1880 Feresne,
676 1826 801 1882 sequeturr

150 1880 224 1930 Hunc
234 1891 318 1945 tegere,
329 1891 352 1931 et
362 1882 417 1931 dirae
426 1884 517 1932 veleum
527 1884 653 1933 subducere
663 1898 755 1946 pugne.
786 1884 819 1929 50

149 1947 195 1995 Est
203 1946 331 2007 Amathus,
340 1955 375 1996 est
381 1948 509 1999 celsamihi
516 1948 621 2013 Paphus,
630 1957 699 2023 etque
707 1946 818 2011 Cythera,

150 2010 279 2075 lduiimque
289 2011 386 2061 domus:
403 2013 483 2076 positis
492 2013 605 2077 inglorius
615 2027 686 2061 arnus

150 2076 240 2139 Exiget
249 2076 289 2123 hic
299 2092 383 2125 aevum.
409 2078 501 2141 Msgni
511 2078 597 2125 ditione
604 2078 686 2139 jubete

151 2140 269 2203 Carthago
274 2150 368 2252 fflremat
378 2142 524 2191 Ausonium:
542 2142 601 2189 nihil
611 2140 707 2189 urbibus
717 2138 772 2189 inde

152 2203 263 2254 Obstsbit
298 2206 360 2269 yriis.
385 2205 451 2266 Quid
461 2214 550 2269 pestem
561 2206 656 2254 evadere
665 2204 721 2254 belli
788 2204 820 2251 55

152 2269 230 2328 Juvit,
242 2278 265 2317 et
275 2270 397 2333 Argolicos
407 2270 512 2319 medium
521 2270 608 2333 firgisse
617 2286 659 2335 per
668 2270 743 2333 ignes,

153 2332 248 2397 'l'otque
257 2334 328 2382 maris
339 2343 455 2398 vasteque
465 2335 579 2383 exhaustu
587 2335 690 2399 perieuls
699 2343 773 2393 terrae,

152 2396 221 2445 Dum
227 2399 324 2446 Iutium
333 2399 418 2447 Teucri
424 2399 569 2464 recidivaque
575 2400 691 2462 Pergami
698 2396 822 2461 quierunt?

153 2463 210 2511 Non
221 2462 301 2521 setius,
312 2463 397 2511 cineres
407 2464 487 2526 putriae
496 2464 605 2511 insedisse
615 2478 742 2527 supremos,

152 2527 178 2574 A
205 2543 235 2575 ue
241 2528 325 2585 solum,
333 2542 379 2591 quo
386 2527 523 2589 Trojnfuit?
540 2527 663 2575 Xanthum
673 2536 696 2574 et
703 2526 822 2574 Simodnta

252 2606 301 2652 nro,
310 2591 410 2649 miserm
426 2592 510 2640 iterum
528 2609 557 2640 ue
566 2592 682 2640 revolvere
691 2606 757 2639 cesus
789 2591 820 2639 61

152 2654 200 2717 Du,
210 2664 284 2721 peter,
296 2656 379 2706 Hiems
388 2656 492 2707 'seueris
511 2609 586 2706 irum
595 2655 659 2719 regis
667 2656 741 2716 duno,
