1892 2917
131 71 160 117 n
338 70 523 141 sucomcn.
538 71 605 128 Ν,
636 102 639 109 -
694 58 697 62 ’

360 330 500 380 ECLOGA
517 331 563 407 Ν.

418 462 505 509 Pollio.

127 587 280 635 Sicsnrnes
293 586 379 649 Musae,
390 590 460 652 paulo
471 590 560 650 majora
570 605 702 647 canamusz-

127 651 183 699 Non
194 667 273 700 omnes
284 654 377 700 arbusta
385 654 468 713 juvant
479 654 625 718 humilesque
635 656 744 719 myriooe3

127 716 153 763 Si
163 717 267 765 canimus
275 716 351 774 silvas,
363 718 426 765 silva
436 718 482 765 sint
492 720 585 767 consule
595 720 678 783 digne.

157 781 248 828 Ultima
259 781 349 829 Cumaei
360 782 422 830 venit
430 786 480 843 jani
490 784 598 831 carminis
606 792 677 841 aetas3

124 844 229 908 Magnus
239 847 268 893 ab
278 845 368 908 integro
379 848 497 894 seclorum
506 848 606 895 nascitur
615 848 679 896 ordo.
722 872 725 875 ⁴
777 852 793 897 5

123 909 142 957 J
143 925 180 957 arn
192 909 251 957 redit
261 918 284 957 et
295 909 385 972 Virgae
402 912 499 959 redeunt
509 912 617 960 Saturnia
626 928 713 976 regna3

122 974 141 1020 J
142 989 180 1021 arn
189 988 249 1021 nova
258 975 377 1037 progenies
387 976 443 1023 ooelo
453 976 583 1025 demittitur
592 977 646 1025 aito.
659 1023 671 1034 x

124 1038 165 1085 Tu
175 1037 244 1085 modo
254 1040 356 1087 nascenti
366 1055 446 1103 puero,
457 1056 505 1104 quo
515 1040 588 1089 ferrea
598 1041 701 1104 primum

119 1100 232 1160 ,Desinete
239 1118 266 1150 ac
277 1112 325 1150 toto
335 1113 413 1167 surget
422 1120 479 1167 gens
489 1121 558 1153 aurea
565 1105 662 1165 mundo,

124 1166 203 1226 Casta,
214 1167 275 1227 fave,
288 1168 395 1216 Lucina:
413 1180 468 1217 tuus
477 1171 527 1230 jam
538 1178 619 1233 regnat
629 1170 729 1233 Apollo.
761 1172 793 1220 10

123 1230 206 1293 Teque
214 1231 270 1281 adeo
281 1232 350 1280 decus
359 1233 403 1281 hoc
414 1233 465 1291 aevi,
478 1243 501 1281 te
510 1234 611 1293 consule,
622 1234 699 1294 inibit,

123 1295 215 1352 Pollio;
233 1306 255 1343 et
265 1296 375 1359 incipient
384 1300 465 1360 magni
475 1299 596 1361 procedere
606 1313 704 1347 menses.

124 1359 161 1407 Te
171 1360 237 1418 duce,
249 1360 268 1409 si
279 1376 326 1425 qua
336 1371 431 1410 manent
441 1364 530 1411 sceleris
540 1363 635 1425 vestigia
644 1364 725 1425 nostri,

120 1423 193 1472 irrita
203 1424 314 1489 perpetui
325 1426 412 1473 solvent
422 1427 547 1475 formidine
557 1438 635 1476 terras.

122 1486 167 1537 Ibe
178 1490 257 1537 Deum
268 1491 339 1537 vitam
350 1491 453 1553 accipiet,
465 1492 579 1555 Divisque
589 1491 676 1541 videbit
760 1494 791 1541 15

122 1554 253 1602 Permixtas
264 1554 352 1613 heroas,
364 1564 387 1602 et
397 1556 446 1619 ipse
457 1556 572 1604 videbitur
579 1557 641 1613 illis;

121 1618 282 1683 Pacatumquc
292 1628 356 1683 reget
367 1620 447 1683 patriis
457 1620 582 1669 virtutibus
592 1623 680 1669 orbem.

119 1683 156 1731 At
166 1684 209 1731 tibi
219 1684 303 1746 prima,
315 1700 381 1747 puer,
392 1684 458 1732 nullo
468 1686 609 1733 munuscula
618 1687 691 1746 cultu,

120 1746 231 1795 Errantes
241 1748 336 1796 hederas
346 1749 430 1812 passim
443 1765 496 1797 cum
505 1752 607 1807 baccare,
618 1750 696 1811 tellus,

120 1812 245 1875 Mixtaque
255 1813 338 1861 ridenti
349 1814 458 1861 colocasia
467 1814 550 1861 fundet
559 1815 663 1862 acantho.
756 1819 790 1866 20

119 1876 181 1937 Ipsae
191 1878 250 1924 lacte
260 1876 356 1925 domurn
366 1878 465 1926 referent
475 1879 575 1927 distenta
584 1878 678 1941 capellas

118 1941 197 1988 Ubera
207 1959 214 1997 ;
231 1950 274 1990 uec
283 1957 380 2005 magnos
390 1952 495 1992 metuent
508 1952 612 1992 annenta
621 1944 705 1993 leones·

119 2005 176 2068 Ipsa
187 2006 229 2055 tibi
239 2007 335 2055 blandos
345 2006 444 2055 fundent
454 2009 570 2056 cunabula
579 2009 652 2056 flores.

118 2069 216 2119 Occidet
225 2079 248 2118 et
259 2086 358 2134 serpens,
370 2081 393 2119 et
402 2072 476 2132 fallax
486 2072 557 2121 herba
567 2073 649 2121 veneni

64 2178 67 2181 .
118 2133 231 2192 Occidet3
249 2136 374 2198 Assyrium
385 2138 456 2199 vulgo
466 2146 572 2185 nascetur
581 2153 710 2186 amomum.
753 2142 786 2188 25

117 2204 161 2253 At,
173 2198 245 2247 simul
255 2199 352 2247 heroum
362 2201 441 2248 laudes
452 2210 476 2249 et
484 2202 546 2250 facta
555 2202 657 2265 parentis

116 2264 174 2312 Jam
184 2265 268 2327 legere,
280 2273 311 2321 et,
323 2281 376 2328 quae
386 2266 423 2329 sit,
435 2267 520 2327 poteris
530 2282 673 2329 cognoscere,
679 2267 775 2327 νίκαις

116 2328 188 2375 Molli
199 2330 310 2391 paulatim
322 2331 426 2391 flavescet
436 2346 532 2393 campus
542 2329 619 2389 aristi,

116 2392 261 2455 Incultisqde
271 2396 356 2441 rubens
366 2394 475 2457 pendebit
485 2395 587 2443 sentibus
598 2410 661 2452 orac

115 2456 149 2503 Et
159 2455 224 2503 durae
233 2473 330 2520 quercus
341 2458 459 2505 sudabunt
468 2458 557 2505 roscida
566 2460 644 2506 mella.
752 2461 786 2509 30

117 2520 197 2567 Pauca
207 2530 284 2568 tamen
295 2524 407 2569 suberunt
416 2523 497 2584 prisce
507 2523 602 2585 vestigia
611 2523 709 2581 fraudis,

116 2582 178 2642 Quae
189 2593 276 2633 tentare
288 2586 383 2634 Thetim
394 2586 491 2644 ratibus,
500 2602 553 2649 qute
563 2586 654 2649 cingere
663 2587 737 2636 mutia
