1892 2917
180 112 228 161 382
383 108 506 159 AENEIS.
522 106 571 157 XI.
586 109 642 164 tta

180 238 321 289 Subvehitur
330 236 415 303 magni
424 240 529 285 manum
536 237 617 301 regina
625 234 721 297 acuit,
784 236 830 289 tto

180 304 251 353 Dona
260 302 348 351 ferent:
364 304 479 365 junctaque
488 316 564 350 comes
574 301 675 349 Lavinia
683 301 752 364 virgo,

182 369 258 417 Cauca
268 366 324 415 mali
334 366 401 426 tanti,
413 366 492 415 oculcc
501 366 590 427 dejecta
599 366 699 414 decome-
785 366 831 414 tot

180 432 311 481 Succedunt
320 438 412 490 mattea,
423 438 446 479 ct
456 431 571 493 templum
582 430 650 479 thure
659 437 777 494 vaporare

180 496 213 544 Et
223 506 314 545 moestae
325 497 372 545 alto
382 495 484 543 fundunt
494 496 523 543 de
532 495 614 543 limine
624 511 702 545 voces:

179 560 337 625 Armipotens,
349 576 431 624 preses
441 559 506 619 belli,
517 560 623 607 Tritonia
632 559 705 623 virgo,

180 626 271 689 Frange
281 640 352 673 manu
363 625 436 672 telum
447 624 544 687 Phrygii
554 624 675 687 predonis,
686 632 710 670 et
718 621 792 685 ipmm

181 690 286 739 Pronum
296 698 370 737 ttcme
380 689 436 749 colo,
448 689 565 752 portiaqne
574 688 667 736 effunde
677 690 720 735 cub
730 686 785 733 altio.
793 686 839 734 ott

213 754 321 817 Cingitur
330 754 379 815 ipsc
388 752 467 803 finano
477 752 580 800 certatim
590 753 616 800 in
626 752 706 815 prolia
715 751 817 799 Turnua

182 820 285 881 Jamque
294 817 359 878 adeo,
371 818 490 865 Rutulum
500 817 592 865 thoraca
601 816 706 876 indutus,
717 814 779 862 ainis

128 942 130 947 Ι
181 884 296 931 Horrebat
306 882 415 946 squamis,
427 895 537 945 numaque
546 881 668 928 incluserat
677 895 742 939 auro,

181 948 298 1008 Tempora
308 947 385 995 nudus
395 947 484 1003 adhuc;
494 945 606 1009 laterique
616 945 744 992 accinxerat
753 958 846 1002 ensem

180 1010 342 1073 Fulgebatque
352 1011 400 1059 alat
410 1010 531 1058 decurrent
541 1025 623 1058 auraua
633 1024 700 1066 arce;
799 1009 850 1058 490

179 1075 334 1137 Exsultatque
344 1075 436 1135 animia,
447 1082 470 1122 et
480 1088 521 1137 ape
528 1076 579 1134 jam
589 1073 693 1137 precipit
701 1073 809 1120 hostem:

181 1139 274 1198 Qualia,
285 1139 327 1188 ubi
337 1140 440 1201 abruptis
450 1138 512 1201 fugit
520 1138 632 1201 presepia
641 1137 731 1195 vinclis,

182 1203 288 1251 Tandem
300 1204 367 1263 liber,
380 1218 460 1267 equus,
472 1217 600 1265 campoque
609 1202 696 1265 potitus
706 1208 798 1263 aperto,

181 1268 234 1316 Aut
243 1268 283 1315 ille
292 1267 317 1314 in
328 1276 407 1329 paetus
418 1274 566 1329 mnnentaquc
575 1265 649 1313 tandit
659 1280 784 1329 equanam,

181 1333 242 1392 Aut,
254 1340 357 1380 assuctus
367 1348 434 1396 aqua
526 1330 551 1376 di
561 1330 658 1377 flumine
668 1337 733 1388 noto,
804 1330 861 1379 495

164 1407 166 1415 ’
182 1396 283 1457 Emicat,
295 1396 430 1460 arrectisque
451 1394 518 1442 remit
527 1394 652 1442 cumulus
662 1394 708 1442 alte

182 1461 331 1516 Luxuriana3
348 1460 478 1523 luduntque
485 1459 550 1519 J‘ubae
559 1474 602 1521 per
609 1459 676 1519 colla,
687 1474 730 1521 per
740 1472 839 1508 moa.

181 1525 260 1575 Obvia
268 1524 314 1585 cui,
325 1524 464 1573 Volscorum
475 1522 523 1571 acie
532 1523 664 1583 comitante,
676 1522 784 1571 camilla

180 1589 296 1650 Occurrit,
307 1590 423 1653 porcaque
434 1590 463 1637 ab
475 1603 535 1651 equo
544 1588 624 1650 regina
634 1589 678 1635 cub
687 1586 745 1649 ipsia
764 1603 767 1613 ¹

180 1654 297 1710 Desiluit3
315 1668 385 1716 quam
397 1661 445 1702 tota
455 1652 535 1701 oohora
545 1651 637 1699 imitata
646 1650 732 1699 relictio
811 1652 873 1701 50⁰

180 1718 222 1766 Ad
232 1727 317 1773 tertam
327 1717 424 1766 defluxit
434 1717 515 1781 cquict
531 1724 583 1764 tum
592 1716 648 1763 talia
657 1716 738 1763 santra
795 1719 797 1722 ’

181 1782 271 1843 turne,
283 1782 318 1831 aui
329 1783 410 1830 merito
421 1782 441 1829 ai
451 1798 499 1845 qua
509 1790 544 1828 eet
553 1780 638 1828 fiducia
647 1780 711 1840 sorti,

180 1846 275 1905 Audeo,
287 1854 310 1894 et
320 1846 452 1895 AEnaaddm
462 1845 573 1908 promitto
583 1860 698 1893 occurrere
708 1852 818 1903 turmae,

181 1912 281 1975 Solaque
292 1911 424 1974 Tyrrhenos
434 1910 522 1974 equites
531 1910 566 1957 irc
575 1908 642 1958 obvia
652 1918 740 1957 contra.

181 1976 225 2024 Me
236 1976 284 2024 sine
294 1975 369 2039 prima
378 1990 450 2023 manu
461 1983 550 2021 tentare
559 1974 660 2037 prinda
669 1972 742 2021 bellic
820 1976 884 2022 505

181 2040 427 2103 'l'upedesadmuroa
438 2040 543 2096 subsiste,
555 2038 760 2086 etmoeniaaerva·
887 2043 888 2046 ’

215 2103 310 2150 Tumua
321 2104 350 2149 ad
361 2104 418 2162 hac,
430 2104 509 2152 oculos
518 2103 632 2151 horrendi
641 2103 666 2149 in
674 2101 772 2163 virgine
782 2100 868 2151 fixus
878 2121 888 2150 :

182 2166 205 2213 0
217 2165 285 2213 decus
296 2167 371 2214 Italia
382 2167 459 2230 virgo!
478 2182 537 2230 quaa
547 2168 621 2215 dicere
631 2176 715 2230 grates,

181 2229 276 2287 Quaeve
286 2230 368 2278 referre
378 2234 475 2293 parem?
492 2232 533 2279 ced
543 2246 614 2291 nunc,
626 2240 660 2279 eat
667 2228 750 2279 omnia
762 2231 889 2293 quando

180 2292 229 2339 Iste
240 2292 330 2341 animus
341 2310 418 2357 cupra,
429 2310 522 2343 mecum
532 2295 617 2357 part‘re
627 2296 741 2343 laborem·
828 2297 889 2343 51(

181 2356 278 2414 AEneas,
292 2358 393 2405 uttma
403 2358 473 2407 fidam
484 2360 594 2423 missique
603 2366 721 2422 reportant

181 2418 353 2481 Exploratores,
365 2424 469 2485 equitum
480 2425 540 2471 levia
549 2424 669 2487 improbus
679 2438 750 2470 arma

182 2480 306 2541 Premisit,
318 2494 437 2547 quaterent
448 2503 555 2551 campos:
573 2488 622 2550 ipse
632 2488 705 2535 ardua
715 2486 832 2537 montis

182 2543 228 2591 Per
238 2546 326 2594 deserta
333 2550 391 2611 jugo
402 2566 511 2613 superam
521 2551 629 2599 advemm
639 2552 669 2600 ad
679 2553 784 2600 urbem.

182 2606 256 2678 Furta
265 2625 321 2672 paro
331 2614 386 2662 belli
397 2629 498 2665 convexo
508 2616 533 2665 in
543 2617 636 2665 tramite
645 2616 719 2676 silve,
836 2619 885 2667 51
