1892 2917
323 127 445 179 mnffls.
461 127 496 177 X.
514 128 570 177 888.
733 124 781 180 tlt
858 172 864 184 ,

117 257 286 323 Sedlinquem.
319 254 766 317 smulhoedioeouttoltittnagmm

116 324 147 373 Se
156 324 233 373 femur
239 340 248 382 ;
265 331 295 382 et,
307 338 451 388 quamquam
461 323 497 371 vis
507 322 554 371 alto
563 322 658 371 vulnere
668 318 752 376 tardat,

117 389 190 437 Haud
200 388 310 450 dejectus,
321 403 407 451 equum
418 388 472 435 duci
481 389 556 449 jubet.
588 387 642 435 Hoc
651 384 721 433 deca
731 382 775 441 illi,

117 453 171 501 Hoc
182 453 284 501 solamen
294 462 358 510 erat3
375 452 442 501 bellis
452 453 497 500 hoc
507 452 579 500 victor
589 450 667 498 abibat
734 449 783 497 85⁹

117 517 242 566 Omnibus.
276 516 414 581 Alloquitur
424 525 567 573 merentem,
578 524 602 563 et
611 514 696 561 talibus
705 512 772 559 inlita

116 582 216 641 Rboebe,
227 581 268 629 diu
278 584 325 635 (res
334 582 355 629 si
365 596 412 645 qua
422 580 463 628 diu
473 581 611 636 mortalibus
620 579 670 625 ulla
679 577 726 637 est)

117 646 236 694 Viximus.
267 646 321 693 Aut
329 645 399 693 hodie
409 645 483 693 victor
492 645 565 709 spolia
574 644 617 691 illa
625 650 721 693 cruenta

117 710 152 759 Et
162 719 232 773 caput
242 711 324 759 AEneoe
334 710 424 770 referes,
436 710 556 785 laurique
565 709 672 757 dolorm

117 770 784 839 Ultoreriametum5aut,aperitsrnullariamvia,864

117 839 249 888 Oommbes
260 839 350 903 pariter.
384 840 469 903 Neque
479 839 551 898 enim,
565 837 697 893 fortissime,
708 834 785 895 crdo,

116 904 136 953 J
137 920 190 952 ussa
200 904 275 951 aliena
283 905 333 967 pati
343 913 366 952 et
376 904 482 951 dominos
491 904 616 966 dignabere
626 902 736 949 Teucrus.

117 960 196 1028 Dixit,
207 978 231 1017 et
240 978 349 1032 exceptus
359 979 424 1033 tergo
434 977 543 1016 consueta
552 967 636 1016 locavit

119 1032 238 1092 Membra,
249 1048 378 1097 manusque
388 1036 468 1081 amba
473 1032 557 1094 jaculis
568 1031 671 1080 onmrit
680 1029 769 1086 anatim

118 1097 178 1146 AEre
188 1107 257 1161 ceput
264 1098 368 1160 augens,
379 1098 494 1161 cristisque
502 1097 604 1145 hirsutas
614 1094 714 1160 equini:

119 1162 158 1210 Sic
169 1175 261 1211 tursum
271 1162 296 1209 in
306 1163 394 1211 medica
405 1162 499 1227 rupidus
508 1161 579 1209 dedit
601 1162 696 1209 AEstaat
705 1159 787 1222 ίῳ·

119 1227 176 1274 Uno
186 1227 211 1273 in
222 1227 288 1275 corde
298 1227 382 1290 pudor,
394 1229 515 1290 mixtoque
524 1226 614 1273 insania
623 1226 698 1283 luctu,
738 1223 785 1279 871

124 1287 170 1351 [Et
180 1291 246 1339 iuriis
257 1291 357 1352 agitatus
368 1307 440 1350 amor,
452 1299 476 1340 et
486 1291 576 1339 conscia
585 1290 658 1338 virtus
666 1290 687 1352 c]

119 1355 202 1417 Atque
212 1354 252 1403 hic
263 1356 354 1403 AEnesn
364 1356 450 1419 magni
461 1364 496 1403 ter
507 1370 562 1402 voce
572 1354 668 1402 vocavit

121 1417 211 1466 AEneaa
221 1419 315 1482 agnovit
325 1420 396 1478 enim,
407 1421 520 1483 laetuaque
530 1428 649 1482 precatur:

121 1482 161 1531 Sic
173 1483 242 1531 Pater
251 1484 291 1531 ille
302 1485 380 1532 Delum
391 1485 468 1546 faciat,
480 1484 513 1532 aic
523 1482 584 1531 altus
594 1482 691 1546 Apollo,
739 1480 788 1536 875

120 1547 223 1612 Incipias
234 1548 335 1597 conferre
345 1564 450 1597 manum.

122 1612 228 1660 Tantum
240 1613 331 1672 effatus,
343 1621 366 1661 et
376 1613 458 1661 infesti
469 1612 532 1661 subit
541 1610 622 1659 obvius
632 1608 707 1658 huet

121 1676 167 1725 Ille
178 1686 270 1725 autem:
285 1678 354 1736 Quid
364 1693 411 1734 me,
423 1686 509 1741 erepto,
520 1675 650 1734 saevmime,
662 1682 725 1731 nato,

124 1740 226 1789 Terret?
242 1741 292 1789 hec
302 1742 339 1789 via
349 1743 398 1789 sola
408 1742 462 1801 fuit,
473 1742 522 1804 quit
531 1740 626 1805 perdere
635 1754 718 1803 posses.
741 1737 790 1793 878

121 1805 148 1853 N
150 1820 175 1853 ec
185 1814 283 1853 mortem
293 1806 421 1864 horremus,
431 1821 473 1855 nec
484 1806 572 1853 Divbm
583 1804 699 1867 parcimus
708 1802 760 1850 ulli.

122 1869 218 1917 Desine.
249 1871 306 1919 Jam
317 1870 384 1919 venio
394 1871 528 1928 moriturus,
540 1878 563 1918 et
572 1870 622 1916 hec
632 1868 675 1915 tibi
685 1877 752 1930 porto

122 1933 194 1982 Dona
204 1935 276 1997 prius.
309 1935 386 1995 Dixit,
398 1936 469 1982 telum
487 1950 518 1982 ue
527 1933 618 1981 intorsit
627 1932 651 1978 in
661 1932 767 1989 bostem

123 1998 184 2046 Inde
194 1999 258 2046 aliud
268 2014 336 2063 super
346 2009 416 2063 atque
426 1951 491 2047 alini
500 1999 605 2062 figitque,
616 1996 724 2059 volatque

123 2063 218 2126 Ingenti
228 2078 300 2127 gyro:
318 2064 358 2111 sed
368 2064 465 2111 sustinet
475 2078 558 2111 surena
568 2063 649 2109 umbo.

125 2127 173 2175 Ter
183 2128 270 2176 circum
281 2128 410 2176 adstantem
420 2129 491 2176 laevoc
501 2127 613 2191 equitavit
622 2127 647 2172 in
658 2126 733 2185 orbes,
744 2127 792 2173 885

126 2191 186 2239 Tela
196 2206 268 2239 manu
277 2192 378 2253 jaciens3
396 2202 430 2240 ter
440 2208 519 2241 secum
531 2192 618 2239 Troius
628 2190 695 2239 heroa

125 2254 258 2305 Imenem
269 2265 338 2305 aersto
349 2256 480 2305 circumfert
489 2256 592 2319 tegmine
602 2255 691 2303 silvam.

125 2319 185 2367 Inde
196 2322 238 2369 ubi
249 2330 283 2369 tot
293 2322 388 2369 traxisse
399 2337 484 2380 morus,
496 2330 531 2369 tot
540 2321 629 2384 apicnlu
639 2319 708 2367 tedet

125 2384 227 2444 Vellere,
239 2394 262 2433 et
272 2395 367 2449 urgetur
377 2387 458 2449 pugni
468 2400 602 2448 congruns
612 2383 707 2447 iniquit3

124 2448 206 2497 Mults
215 2465 310 2498 movens
321 2450 407 2507 animo,
416 2453 466 2511 jam
477 2449 572 2507 tandem
582 2447 691 2511 erumpit,
700 2455 724 2495 et
733 2446 794 2495 inter

125 2513 249 2563 Bellatoris
259 2514 312 2578 equi
323 2530 378 2562 cava
389 2524 493 2579 tempora
503 2514 595 2575 conjicit
604 2514 704 2560 hastam.
745 2511 791 2560 891

125 2578 201 2625 Tollit
211 2594 235 2626 se
245 2587 359 2626 arrectum
370 2579 508 2642 quadrupes,
519 2587 543 2627 et
552 2578 652 2627 calcibus
662 2591 730 2623 auras

125 2642 253 2702 Verberat3
266 2642 412 2708 effiraumque
421 2644 532 2707 equitem,
543 2656 613 2754 aupep
622 2643 672 2753 ἰρῗ
682 2647 781 2700 secutus,

619 2719 637 2754 a
