1892 2917
136 71 186 130 914
348 71 472 124 AENEIS.
490 71 539 122 lx.
554 73 595 124 99.

13 236 14 245 ,
118 199 495 316 ,Anmimollmpueeumque
505 200 689 268 mentonem,

136 264 331 332 Dardaniumque
357 283 424 315 neem
435 268 562 316 laurentio
573 267 662 317 vexerit
670 281 733 328 erre,
761 267 813 316 10⁰

136 330 264 379 Mortalem
275 332 371 394 eripiem
382 332 491 392 fonnem,
503 333 630 397 magnique
637 333 725 397 jubebo

135 395 248 459 AEquoris
259 413 308 445 esse
318 398 397 456 Dees3
413 397 490 461 quelis
502 399 588 446 Nereia
598 398 662 445 Doto

135 459 169 507 Et
180 461 279 510 Geletee
289 472 366 510 seeent
376 471 524 526 spumantem
535 472 625 526 pectore
635 470 743 536 pontum.

134 523 249 574 Dixerat:
267 527 338 591 idque
348 536 426 574 retum
437 527 514 590 Stygii
524 543 565 590 per
575 527 674 574 flumme
682 525 770 585 frenis,

135 589 182 637 Per
191 591 245 653 pice
254 599 365 640 torrentes
376 592 472 656 utrique
482 592 591 656 verumne
601 592 671 654 ripes,
763 591 811 639 105

134 654 237 715 Annuit,
249 665 272 704 et
282 665 359 704 totum
370 666 430 705 nutu
440 657 568 704 tremefecit
579 656 719 720 Olympum.

166 720 232 783 Ergp
242 721 322 769 ederet
332 722 446 786 promises
455 721 513 781 dies,
526 729 549 769 et
559 729 663 784 tempore
673 723 754 772 Peroe

134 782 222 832 Debita
231 787 383 850 mmplemnt,
394 802 448 834 eum
460 785 537 833 Turni
547 785 632 846 injurie
643 786 747 834 Matrem

133 849 275 910 Admonuit,
285 852 374 899 retibus
383 851 451 899 meris
461 851 575 914 depellere
585 851 663 901 tedae

134 913 184 961 Hie
194 915 297 977 primurn
308 931 368 964 nove
377 916 420 963 lux
430 916 503 964 oeulis
513 915 609 974 offulsit,
621 924 644 963 et
653 915 747 979 ingene*
760 915 810 967 11⁰

134 978 206 1026 Visus
216 981 246 1026 ob
254 981 348 1028 Aurora
357 981 442 1030 ooelum
452 990 605 1029 transcurrere
615 981 719 1040 nimbus,

134 1043 239 1106 Idreique
249 1045 326 1092 ebori:
344 1054 396 1094 tum
407 1059 453 1093 vox
463 1045 577 1094 horrende
587 1061 628 1108 per
638 1059 706 1092 eures

132 1107 237 1167 Excidit,
248 1118 271 1157 et
282 1109 373 1158 Troum
384 1110 575 1173 Rutulorumque
585 1109 679 1176 agmine
689 1107 809 1176 complete

133 1172 173 1220 Ne
183 1173 295 1236 trepidate
304 1190 377 1235 meos,
391 1174 485 1232 Teucri,
496 1174 617 1222 defendere
627 1189 706 1234 neves,

132 1236 201 1284 Neve
210 1248 298 1286 armate
308 1255 409 1298 monus3
425 1237 500 1287 merla
510 1247 564 1286 ente
574 1255 668 1287 exurere
679 1239 772 1298 Turno,

133 1301 213 1361 Quem
225 1319 300 1352 osores
310 1304 403 1353 debitur
413 1305 491 1367 pinus.
518 1304 568 1352 Vos
578 1304 610 1352 ite
621 1304 711 1362 solute,
758 1305 808 1353 llll

132 1365 172 1413 Ite
181 1367 240 1416 Dee
250 1369 341 1432 pelegi3
359 1369 466 1417 Genitrix
475 1366 549 1430 jubet.
577 1369 620 1428 Et,
632 1383 674 1416 sue
684 1384 793 1432 querque,

132 1430 249 1480 Continuo
259 1449 350 1497 puppes
360 1437 504 1497 abrumpunt
515 1433 607 1482 vincula
617 1433 681 1496 ripis,

131 1494 326 1562 Delphinumque
336 1499 406 1546 modo
416 1498 526 1546 demersis
537 1512 631 1562 equore
639 1496 718 1546 rostris

131 1560 186 1609 Ime
195 1571 285 1624 petunt.
314 1563 379 1612 Hine
389 1563 507 1626 virginee,
519 1562 626 1611 mirabile
636 1571 777 1621 monstrum,

131 1625 210 1688 [Quot
220 1627 284 1690 prius
295 1636 370 1676 terete
380 1636 489 1676 steterant
500 1627 530 1676 ed
540 1627 609 1674 litore
619 1629 714 1690 prorue]
757 1629 805 1676 121

130 1689 245 1742 Reddunt
255 1709 280 1741 se
290 1693 386 1741 totidem
396 1693 475 1752 socies,
486 1700 605 1756 pontoque
614 1691 727 1739 feruntur.

163 1755 313 1820 Obstupuere
324 1757 407 1805 animis
419 1757 521 1814 Retulit
539 1757 675 1805 conterritus
686 1757 735 1820 ipse

130 1818 242 1868 Turbatis
253 1822 378 1884 Messapus
388 1822 470 1885 equis;
488 1830 610 1870 cunctetur
620 1830 643 1868 et
654 1821 729 1869 omnis

129 1883 213 1933 Reuee
223 1901 316 1945 senens,
327 1896 464 1950 revocetque
475 1888 557 1950 pedem
570 1885 695 1938 Tiberinus
706 1889 735 1935 eb
746 1887 806 1939 alto.

128 1949 166 1996 At
175 1965 222 2007 non
234 1952 316 2000 eudeei
326 1952 394 2000 eessit
403 1951 488 2000 fiduoie
498 1949 597 2008 Turnot
755 1953 805 2001 126

129 2013 199 2062 Ultro
209 2016 300 2064 enimes
310 2017 372 2065 tollit
382 2017 457 2077 dietis,
468 2025 540 2081 etque
550 2016 653 2079 increpat
663 2015 740 2064 ultror

129 2079 245 2140 Trojanos
255 2081 305 2130 hee
315 2092 418 2130 monstra
427 2090 527 2146 petunt3
544 2081 581 2129 his
592 2081 687 2146 Jupiter
696 2082 747 2145 ipse

127 2144 255 2193 Auxilium
266 2147 362 2194 solitum
372 2147 457 2210 eripuit
463 2163 471 2206 ς
489 2161 536 2194 nen
546 2147 602 2204 tela,
613 2161 656 2194 neo
665 2147 731 2210 ignes
755 2147 805 2196 lte

127 2209 273 2273 Exspectant
283 2212 392 2260 Rutulos.
420 2213 486 2274 Ergo
495 2211 570 2259 merie
580 2211 644 2262 invia
655 2211 762 2271 Teuorie,

128 2275 180 2323 Nee
190 2290 242 2338 spes
253 2276 303 2324 ulle
312 2277 391 2340 fugae3
408 2292 486 2325 rerum
496 2291 551 2340 pers
562 2275 633 2323 altere
644 2275 737 2324 edernte
747 2285 790 2325 est.

127 2339 203 2386 'Perre
212 2349 291 2387 eutem
301 2341 327 2388 in
338 2341 422 2389 nostris
431 2341 555 2398 menibusr
573 2348 607 2388 tot
617 2339 701 2402 millio,
712 2349 795 2404 gentes

126 2402 206 2451 Arme
214 2403 293 2452 serunt
303 2405 377 2453 Iteloe.
404 2406 448 2453 Nil
458 2421 497 2453 me
506 2405 587 2453 fetalia
597 2412 690 2464 terrent,

126 2467 154 2515 Si
163 2484 212 2531 que
222 2468 328 2532 Phryges
338 2486 388 2534 pree
398 2472 529 2531 rejectant,
540 2483 651 2534 response
660 2468 777 2520 Deorum.

125 2531 168 2579 Sat
177 2532 232 2581 fetis
242 2533 375 2599 Venerique
385 2535 476 2594 detrun,
487 2535 584 2598 tetigere
594 2533 658 2598 quod
668 2549 725 2584 arva
753 2537 803 2588 lto

126 2594 221 2646 Fertilis
230 2597 345 2648 Auroeie
355 2599 437 2648 Trotte
464 2600 527 2654 Sunt
537 2607 561 2648 et
570 2613 624 2649 mee
633 2606 713 2651 eontre
