1892 2917
160 94 209 143 en
371 90 496 140 nnsis.
514 89 548 139 x.
564 90 620 147 ue
919 85 923 158 q

161 222 233 271 Nune
243 234 339 269 morere.
356 222 403 271 Ast
411 220 440 269 de
447 234 487 268 me
494 218 583 269 Dirum
595 218 665 267 Pater
674 228 744 281 atque
754 214 839 265 homi·

256 300 314 333 num
327 287 380 334 Rex
782 283 837 338 743

160 350 261 399 Viderit.
294 352 348 399 Hoc
358 350 435 399 disens
446 350 527 398 eduxit
537 364 630 413 corpore
640 349 722 396 telum.

162 414 213 463 Olli
224 415 282 463 duro
293 415 358 479 quies
368 416 480 466 oculoset
491 415 576 462 ferreus
587 422 654 476 urget
784 413 838 467 745

161 480 277 537 Somnum
295 480 319 526 in
331 490 439 528 ueternum
449 479 589 527 clauduntur
598 478 690 525 lumina
698 488 801 525 noctem.

162 544 269 592 Caedicus
279 544 421 593 Alcathoum
431 545 561 602 obtruncat,
573 544 677 591 Sacrator
688 542 838 605 Hydaspem

163 609 362 673 Partheniumque
373 610 450 673 liupo,
462 618 485 655 et
495 609 629 671 praedunrm
640 608 727 654 viribus
737 606 819 655 Orsen
828 623 837 664 3
922 621 923 624 ’

163 673 287 736 Messapus
299 674 455 737 Cloniumque
466 672 658 736 Lycaoniumque
669 672 794 727 Erieetene

163 739 237 786 lllum
249 738 343 786 infrenis
353 739 408 801 equi
418 739 485 802 lapsu
497 738 578 785 tellure
587 738 711 798 jioentem,
786 736 839 790 75⁰

164 803 237 850 Hune
247 803 347 867 peditem
360 804 436 866 pedes.
469 802 503 849 Et
514 802 601 865 Lycius
610 808 749 864 prooesserat
759 800 825 863 Agis
828 818 839 860 ς

100 872 104 877 '
164 867 243 926 Quem
255 876 333 915 tamen
343 868 407 915 haud
418 882 500 931 expers
509 866 610 913 Valerus
619 866 709 912 virtutis
720 865 789 913 aritae

164 931 267 993 Dejieitt
285 942 309 981 at
321 932 453 980 Thronium
465 932 551 990 Selius,
563 931 700 993 Saliumque
710 930 821 990 Nealees,

164 996 267 1059 Insignis
275 997 353 1057 jaculo
364 1005 387 1045 et
396 998 465 1059 longe
476 997 570 1043 fallente
581 995 672 1057 sagittis.

197 1062 254 1109 dam
265 1062 342 1123 gravis
353 1064 459 1125 aequabat
469 1061 546 1108 luctus
556 1070 580 1107 et
590 1068 673 1106 mutua
684 1058 783 1107 Mavors

164 1124 272 1180 Funera:
290 1125 408 1174 cadebant
417 1126 502 1190 puriter
512 1126 643 1189 pariterque
653 1126 752 1171 ruebant
786 1123 839 1177 756

165 1189 271 1237 Victores
281 1190 395 1254 victique;
413 1204 490 1255 neque
499 1190 536 1237 his
546 1190 603 1253 iuga
612 1196 677 1250 notat
688 1202 765 1251 neque
774 1188 833 1237 illis·
922 1247 923 1254 ἵ

166 1254 201 1301 Di
211 1255 279 1303 Jovis
289 1255 314 1302 in
326 1255 390 1303 tectis
400 1255 459 1303 iram
470 1255 610 1302 miserantur
619 1253 712 1301 inanem
922 1263 923 1284 ¹

165 1320 307 1377 Amborum,
320 1327 343 1367 et
353 1327 427 1367 tantos
437 1319 574 1367 mortalibus
585 1334 634 1366 esse
643 1318 732 1365 labores
738 1334 746 1374 ς

167 1383 231 1432 Hinc
241 1383 331 1443 Venus,
343 1384 398 1431 hino
408 1394 487 1432 contra
497 1392 584 1447 spectat
594 1382 703 1431 Saturnia
712 1383 795 1429 Junoe

167 1448 259 1497 Pallida
271 1449 398 1511 Tisiphone
407 1449 485 1496 media
494 1449 554 1495 inter
563 1448 639 1495 millia
649 1446 719 1494 sevit.
788 1445 841 1500 761
921 1495 922 1506 ¹

166 1514 202 1561 At
213 1528 266 1561 vero
277 1513 393 1576 ingentem
405 1514 511 1577 quatiens
522 1513 654 1559 Meamtiur
664 1512 755 1559 hastam

168 1577 287 1625 Turbidus
298 1578 425 1640 ingreditur
435 1592 525 1641 campo.
548 1578 630 1636 Quam
640 1591 739 1639 mugnus
750 1573 842 1633 Orion,

167 1641 229 1689 Curn
240 1642 309 1705 pedes
320 1642 405 1690 inoedit
415 1642 487 1690 medii
496 1658 538 1706 per
547 1643 652 1689 maxima
660 1641 731 1688 Nerei
789 1638 843 1694 764

167 1707 255 1768 Stagna
265 1706 327 1754 viam
338 1707 451 1765 scindens,
462 1706 560 1755 humero
570 1705 725 1768 supereminet
733 1704 832 1761 undae3

166 1770 228 1830 Aut,
242 1771 338 1818 summis
349 1771 447 1819 referens
458 1786 569 1819 annosum
580 1772 699 1819 montibus
709 1784 804 1828 ornum,

168 1835 414 1899 Ingrediturquesolo‚
426 1844 449 1883 et
460 1844 530 1899 eaput
539 1836 599 1883 iuter
608 1835 690 1883 nubila
699 1834 791 1891 eondit3

169 1899 235 1948 Telis
246 1915 270 1947 ee
279 1900 349 1948 vastis
359 1900 428 1947 infert
439 1901 572 1948 Maxentius
581 1900 658 1948 armis

168 1964 234 2013 Huic
244 1973 323 2013 eontra
335 1966 429 2024 AEneas,
440 1966 572 2029 spemlatuo
581 1965 607 2012 iu
617 1964 711 2027 agmine
720 1963 801 2027 longo,

169 2028 261 2077 Obvius
271 2031 304 2078 ire
314 2039 387 2094 parat.
422 2030 507 2079 Manet
516 2030 683 2093 imperoerritus
692 2028 741 2086 ille,
790 2028 845 2083 770

169 2092 269 2142 Hostem
279 2095 456 2158 magnanimum
467 2095 596 2159 opperiens,
607 2103 632 2143 et
640 2094 702 2141 mole
712 2092 755 2140 eui
765 2100 832 2151 πως

102 2172 105 2189 ¹
168 2157 250 2222 Atque
257 2159 330 2207 oeulis
363 2160 436 2207 atium
445 2174 560 2218 emensus,
569 2168 683 2223 quantum
692 2158 746 2205 satis
753 2156 844 2216 hastan

168 2222 268 2282 Dextra,
280 2174 424 2283 mihislleus,
438 2233 461 2273 et
471 2224 554 2282 telum,
566 2223 629 2288 quod
639 2223 726 2272 missile
735 2222 807 2281 libro,

169 2288 241 2336 Nunc
251 2288 342 2336 eduum
360 2304 440 2349 voveo,
452 2289 566 2353 predonis
577 2298 671 2352 eorpore
680 2287 741 2351 rapti

169 2351 285 2399 Indutum
297 2353 383 2416 spoliis,
394 2353 472 2417 ipsum
483 2363 515 2413 te,
525 2354 612 2412 lause,
624 2363 737 2417 tropeum
790 2351 846 2408 7Ίὸ

170 2415 259 2463 AEuee.
293 2416 375 2475 Dixit3
393 2418 573 2483 stridentemque
583 2419 673 2467 ninus
683 2420 774 2466 hastam

169 2480 264 2541 injicit:
282 2479 323 2527 illa
333 2482 413 2529 volans
424 2483 506 2546 clypeo
515 2492 550 2531 est
560 2498 663 2543 amosa,
675 2481 805 2547 proculque

170 2543 299 2607 Egregium
310 2546 425 2594 Antorem
434 2547 497 2595 latus
506 2547 567 2596 inter
577 2556 601 2596 et
610 2548 652 2595 ilia
661 2548 727 2613 figite

171 2607 280 2655 Herculio
291 2608 407 2659 Antorom
418 2610 536 2674 tomitem,
546 2612 598 2677 qui,
608 2612 694 2662 missua
703 2615 735 2661 ab
745 2610 836 2673 Argia,
920 2643 921 2732 q
