1892 2917
146 115 194 162 sno
349 109 472 159 nums.
489 107 537 158 vr.
553 83 609 165 657.

145 241 279 299 vescentes,
289 239 417 302 letumque
426 238 497 287 mero
506 251 588 301 paeeue
597 243 712 297 senentes,
764 237 814 293 667

145 305 211 353 Inter
220 304 341 352 edentum
351 302 412 350 leuri
421 317 520 360 nernus;
537 301 601 350 unde
611 315 709 364 superne

144 369 267 417 Plurimus
277 367 374 416 Eridsni
384 383 425 430 per
435 367 519 415 silvem
529 367 630 414 volvitur
640 367 723 414 amnis.

81 446 85 456 ’
145 432 196 480 Hie
205 447 298 491 munus,
310 434 340 479 ob
350 431 448 495 petrium
458 431 586 495 pugnando
596 431 692 478 vulnere
701 429 772 493 pessi,

146 497 243 561 Quique
253 495 523 555 sacedotesoesddum
534 496 582 542 vite
591 497 708 555 manebat,
764 494 811 541 661
870 467 874 472 Ι
943 479 944 510 ³

145 560 241 625 Quique
251 561 285 624 pii
295 569 367 619 vates,
379 568 402 608 et
413 559 501 607 Phoebo
511 558 582 622 digne
591 559 672 618 locuti,

55 660 59 668 .
145 624 256 674 Inventas
267 633 308 673 eut
317 624 359 688 qui
369 624 441 671 vitem
455 624 575 672 excoluere
584 637 627 686 per
635 631 703 684 artes,

145 689 242 754 Quique
252 690 288 738 sui
298 703 411 736 memores
421 688 479 741 elios
489 687 562 736 fecere
571 687 695 736 merendo:

145 755 264 802 Omnibus
274 754 311 800 his
321 753 389 801 nivei
399 754 524 815 cinguntur
534 759 639 814 tempora
649 751 715 800 visu„
765 752 814 800 665

145 818 213 878 Quos
223 816 373 866 ducumfusos
383 817 416 864 sic
426 825 461 863 est
471 817 541 864 effeta
551 816 656 879 Siby1h5

145 882 266 930 Musarum
278 890 331 929 unte
340 895 436 939 umnes;
451 880 555 928 medium
566 895 622 927 nem
632 879 734 942 plurime
744 881 814 928 turbe

144 947 218 995 Hunc
227 947 306 1006 hebet,
317 955 387 1009 etque
395 945 498 993 humeris
506 952 634 992 exstantem
642 943 737 1006 suspicit
745 944 811 991 uitis:

143 1009 229 1069 Dicite,
240 1009 317 1058 felices
327 1011 419 1069 emme,
430 1018 511 1072 tuque,
523 1009 610 1071 optime
620 1017 698 1064 vstes3
764 1009 814 1056 stu

144 1073 205 1133 Quae
214 1075 278 1138 regio
287 1074 416 1134 Anchisen,
426 1074 478 1136 quis
488 1073 558 1120 habet
568 1073 651 1120 locus?
667 1072 732 1120 illius
742 1087 797 1135 erge

143 1138 268 1197 Venimus,
280 1146 304 1185 et
313 1153 412 1200 magnos
422 1138 494 1185 Erebi
504 1137 646 1184 tranavimus
656 1151 743 1184 smnoe.

143 1201 226 1264 Atque
235 1202 291 1249 huie
301 1217 436 1265 responsm
447 1201 527 1264 peusis
537 1202 570 1248 ite
579 1200 679 1248 reddidit
689 1201 771 1248 heros:

144 1266 214 1314 Nulli
224 1275 285 1313 uerte
295 1266 386 1313 domus.
419 1266 491 1313 Lucis
501 1265 633 1312 habitemus
644 1264 730 1326 opacis,

73 1359 75 1364 ·
143 1328 306 1393 Ripurumque
315 1338 377 1376 torus
387 1338 411 1377 et
420 1337 487 1391 prese
497 1329 661 1376 tetenderitis

144 1393 280 1441 Incolimus.
314 1393 360 1441 Sed
371 1408 420 1451 vos,
432 1394 452 1438 si
462 1392 546 1439 fertiu
554 1393 621 1439 eorde
631 1392 746 1452 voluntas,
764 1392 813 1448 675

143 1457 198 1505 Hoc
208 1465 314 1520 superste
322 1458 423 1518 jugum
440 1463 463 1502 et
473 1456 536 1501 facili
544 1457 594 1516 jum
605 1457 697 1503 tremite
707 1457 797 1503 sistam.

144 1521 222 1580 Dixit,
234 1531 257 1568 et
267 1529 321 1568 ente
331 1520 385 1566 tulit
395 1533 508 1580 gressum,
521 1533 661 1581 camposque
670 1521 769 1567 nitentes

143 1585 250 1647 Desuper
256 1591 369 1636 ostentet3
378 1581 462 1629 dehinc
469 1597 562 1629 summe
569 1583 689 1630 cacumina
695 1584 814 1647 linquunt.

174 1649 211 1697 At
221 1657 286 1716 peter
296 1646 412 1694 Anchises
422 1649 514 1708 penitus
524 1647 628 1694 convelle
638 1647 720 1694 virenti

143 1713 250 1762 Inclusus
260 1712 358 1770 enimes,
368 1725 526 1772 superumque
536 1710 566 1756 ud
574 1711 654 1758 lumen
665 1711 745 1772 iturus,
763 1712 812 1760 666

143 1777 270 1825 Lustrebet
280 1775 357 1822 studio
366 1774 476 1833 reddens,
488 1787 628 1838 omnemque
638 1790 733 1824 suorum

143 1843 213 1890 Forte
222 1841 353 1889 recensebat
363 1853 496 1896 numerum,
507 1852 616 1902 meosque
626 1848 728 1901 nepotes,

143 1907 257 1968 Feteque,
268 1905 417 1966 formnesqne
425 1902 510 1961 virum,
522 1916 651 1966 moresque,
662 1919 800 1970 munusque.

144 1971 216 2033 Isque
224 1968 267 2016 ubi
277 1967 407 2015 tendentem
418 1965 539 2014 advenerim
550 1981 591 2028 per
601 1969 707 2029 mundns
715 1969 774 2018 vidit

141 2035 243 2091 AEneen,
255 2031 335 2079 elncds
344 2031 435 2092 pulsnm
445 2039 556 2093 utresque
565 2031 677 2088 tetendit3
763 2035 812 2082 685

142 2097 277 2159 Effusaeque
287 2096 351 2158 genis
361 2096 484 2158 lacrymae3
502 2103 525 2142 et
535 2108 581 2142 vox
592 2095 677 2143 excidit
686 2111 741 2146 ore:

142 2160 236 2210 Venisti
247 2160 348 2218 taudem,
360 2167 447 2222 tueque
457 2167 558 2221 speetete
567 2160 656 2221 parenti

142 2225 207 2274 Vieit
216 2225 260 2270 iter
270 2223 356 2270 durum
366 2223 458 2284 pietas?
470 2223 543 2270 detur
553 2237 593 2270 ors
604 2225 671 2284 tueri,

141 2290 213 2346 Nete,
225 2296 281 2344 tue3
297 2294 320 2334 et
329 2295 396 2333 notes
406 2287 486 2334 eudire
496 2295 520 2334 et
529 2287 622 2335 reddere
632 2292 719 2338 voees?
760 2292 810 2342 669

141 2353 181 2401 Sic
191 2350 298 2414 equidem
307 2350 419 2398 dunebum
429 2351 517 2410 muno,
528 2353 639 2414 rebusque
649 2353 765 2413 firturum,

142 2417 260 2477 Tempore
269 2414 432 2469 dinumeranss
449 2427 492 2462 nee
502 2429 540 2462 me
550 2430 603 2462 mea
613 2431 668 2462 cure
678 2417 769 2466 fefellit,

141 2480 209 2539 Ques
219 2493 262 2540 ego
272 2486 295 2524 te
305 2485 384 2536 terres,
399 2486 423 2524 et
432 2486 520 2541 quante
530 2493 571 2540 per
581 2495 674 2542 equore
683 2490 778 2532 vectum

140 2542 254 2604 nedpio!
271 2539 364 2604 quentis
372 2542 494 2602 januum,
506 2544 567 2600 nete,
579 2544 686 2605 penatis!

141 2607 223 2666 Quem
232 2605 316 2664 metui,
326 2604 423 2669 nequid
434 2605 517 2669 Libye
527 2606 571 2655 tibi
580 2621 652 2670 regne
661 2611 785 2663 noemeuti
