1892 2917
336 106 458 155 murus.
476 106 509 154 x.
526 90 583 153 sss.
707 81 711 90 “
746 104 796 153 sos

126 232 217 293 Dicere,
228 233 426 292 demrbstterrae3
443 244 600 295 truncumque
679 241 727 281 tem
747 234 796 280 555

126 299 277 360 Provolvens,
289 314 357 363 super
367 298 416 347 haec
427 298 522 347 inimico
531 307 622 362 pectore
642 306 708 345 stur:

126 363 185 411 Istic
196 379 267 426 nunc,
279 363 410 423 metuende,
421 364 480 424 joce.
496 364 553 411 Non
564 370 588 410 te
598 362 686 425 optimu
696 369 771 409 mater

125 427 216 475 Goudet
226 428 302 489 humi,
314 428 416 492 putriuve
426 427 530 476 onerabit
543 429 649 474 membro
659 427 779 489 sepulcrm

124 491 230 540 Alitibus
240 493 345 556 linquere
355 492 424 548 feris3
442 500 483 539 eut
497 491 587 555 gurgite
597 506 700 538 mersum

124 556 196 604 Unda
206 556 272 615 leret,
283 556 402 621 piscesque
411 556 507 620 impasti
516 556 612 604 vulnero
621 556 732 603 lambent.
749 556 798 602 560

124 620 239 669 Protenus
249 627 362 670 Antaeum
374 628 397 669 et
408 622 507 679 Lucum,
518 620 595 684 prims
605 619 700 682 agurius
711 618 797 676 Turni,

124 684 283 749 Persequitur,
295 686 425 750 fortemque
432 686 548 747 Numam,
556 684 695 749 fulvumque
701 683 798 731 (lumer-

221 758 278 812 tem,

123 810 280 877 Magnanimo
290 814 414 863 Volscente
425 822 511 874 sotum,
522 813 649 862 ditissimus
659 813 710 876 egri

123 877 175 936 Qui
185 878 230 927 fuit
239 878 398 940 Ausonidum,
410 888 433 929 et
443 878 517 926 usius
527 878 632 953 regum
641 876 757 941 Amclis.

122 942 223 1005 AEgaeon
234 945 318 1008 qualis,
330 952 423 992 centum
434 942 472 991 cui
482 943 577 991 brochus
586 942 675 1002 dicunt,
749 939 797 987 565

123 1006 285 1071 Centenosque
295 1022 387 1067 munus,
399 1008 571 1071 quinquaginta
579 1008 659 1055 oribus
668 1006 748 1069 iguem

124 1070 307 1135 Pectoribusque
318 1072 407 1131 orsisoe,
419 1072 489 1121 Jovis
499 1086 553 1120 cum
564 1070 666 1119 fulmine
676 1078 757 1118 contro

124 1132 173 1181 'l'ot
182 1136 277 1199 paribus
288 1144 397 1199 streperet
407 1136 502 1199 clypeis,
514 1143 549 1183 tot
558 1136 680 1199 stringeret
690 1149 755 1182 enses
761 1150 770 1194 ς

122 1197 162 1246 Sic
174 1206 221 1247 toto
232 1201 321 1248 AEneas
333 1200 425 1248 desaevit
435 1200 460 1247 iu
471 1214 563 1263 tequore
573 1200 654 1258 vicum,

122 1262 159 1310 Ut
169 1264 241 1312 semel
248 1264 348 1339 intepuit
359 1279 447 1312 mucro.
463 1264 529 1323 Quin
540 1278 591 1312 ecee
602 1263 697 1327 Niphtei
748 1263 797 1319 570

122 1326 282 1391 Quadrijuges
293 1344 317 1376 rn
329 1343 400 1392 equos
412 1328 554 1392 adversoque
563 1336 655 1391 pectora
665 1326 754 1386 tendit3

122 1392 206 1453 Atque
217 1392 260 1451 illi,
271 1393 341 1455 longe
351 1392 494 1455 gredientem
506 1402 530 1440 et
539 1390 590 1439 dire
600 1392 738 1440 sternentem

123 1456 160 1503 Ut
170 1455 256 1515 vidore,
267 1465 333 1504 metu
344 1457 411 1517 versi,
424 1465 529 1520 retroque
538 1464 639 1516 ruentes,

122 1519 304 1585 Effunduutque
314 1521 406 1581 ducem,
419 1522 559 1585 rapiuntque
569 1520 599 1567 sd
612 1520 681 1568 litoru
691 1535 779 1568 curnis.

122 1582 216 1631 Interes
227 1585 313 1647 bijugis
324 1585 394 1632 infert
405 1600 428 1631 se
440 1586 551 1648 Lucagus
561 1584 620 1632 olbis
748 1586 797 1641 575

122 1647 154 1696 In
165 1648 262 1710 medios,
273 1650 389 1713 fraterque
400 1648 488 1711 lriger3
504 1649 544 1697 sed
554 1649 624 1697 frater
637 1648 734 1697 habenis

122 1711 209 1760 Flectit
220 1728 305 1776 equos:
323 1714 429 1761 strictum
440 1721 500 1761 rotat
510 1728 562 1761 scer
572 1714 682 1776 Lucagus
692 1728 780 1762 ensem.

124 1775 199 1824 Haud
209 1778 264 1825 tulit
274 1778 362 1825 AEneos
372 1785 437 1825 tuoto
450 1777 540 1825 fervore
550 1776 666 1825 fureutost

122 1840 212 1953 {pedib
218 1841 360 1906 adversique
370 1842 451 1906 ingens
462 1842 570 1906 apperuit
579 1841 654 1890 hosti.

146 1920 172 1951 ur
206 1920 270 1968 igere

123 1970 182 2018 Non
193 1970 315 2019 Diomedis
326 1987 406 2035 equos,
417 1986 460 2019 uec
470 1986 551 2019 curnis
561 1972 635 2020 cernis
644 1969 756 2032 Achillei,

124 2034 178 2082 Aut
189 2034 298 2099 Phrygius
309 2050 417 2100 cumposs
435 2050 498 2083 nunc
508 2036 564 2083 belli
574 2035 627 2084 finis
637 2044 661 2085 et
671 2035 714 2084 uvi

125 2098 173 2147 His
183 2098 276 2147 dabitur
287 2100 360 2148 terris.
377 2100 470 2149 Vesano
481 2100 538 2147 tolio
547 2101 595 2148 lste

125 2160 197 2211 Dicto
207 2164 287 2211 volunt
297 2164 393 2227 Ligeris
411 2164 451 2212 sed
462 2179 509 2211 nou
520 2172 544 2213 et
555 2165 642 2212 Troius
650 2163 718 2212 heros

125 2225 197 2274 Dicto
207 2236 273 2291 parat
280 2238 372 2286 coutras
382 2228 488 2289 jaculum
496 2243 552 2277 nom
561 2236 653 2294 torquet
663 2228 689 2275 in
699 2228 799 2277 hostem.

127 2290 236 2354 Lucagus
247 2301 274 2339 ut
285 2308 371 2355 pronus
381 2293 484 2356 pendeus
493 2292 519 2343 iu
529 2295 624 2341 verbero
633 2293 680 2341 telo
750 2292 800 2341 586

125 2355 260 2403 Admonuit
269 2356 377 2419 bijugos3
394 2358 496 2419 projecto
506 2357 564 2406 dum
574 2357 634 2420 pede
643 2358 703 2405 laevo

126 2419 203 2481 Aptot
214 2436 238 2468 se
249 2436 350 2485 pugnum
367 2421 430 2469 subit
440 2436 492 2469 orus
501 2421 569 2470 hasta
578 2438 620 2485 per
629 2422 689 2470 imos

126 2483 249 2547 Fulgentis
260 2484 344 2549 clypei,
355 2493 407 2533 tum
417 2485 503 2534 laevum
513 2486 615 2550 perforet
623 2486 727 2549 iugueu3

127 2548 247 2596 Excussus
257 2563 327 2597 curru
337 2548 490 2598 moribundus
501 2551 602 2599 volvitur
611 2551 679 2600 urvis.
725 2549 727 2552 ’
751 2552 800 2600 590

127 2611 208 2673 Quem
218 2613 272 2677 pius
283 2613 371 2664 AEneos
381 2612 448 2663 dictis
458 2614 544 2665 uffotur
552 2614 652 2665 umoris:
