1892 2917
135 104 185 155 29⁶
357 104 480 153 AENEIS.
496 105 531 154 X.
547 104 588 154 63.

134 230 373 297 Artafuroregravis
391 230 737 295 Quidmealaarileutiaeogis
776 230 814 279 68

135 297 300 359 Rumpere‚·et
309 296 435 345 obductum
447 298 521 346 verbis
532 300 627 362 vulgare
637 296 759 345 dolorem?

136 360 493 425 AEneauhominumquisquam
501 361 738 427 Divomquembegit
777 360 813 407 65

135 425 205 473 Bella
215 426 289 489 sequi,
301 434 342 473 aut
352 426 441 474 hostem
453 427 502 489 regi
512 444 536 476 se
546 428 630 475 inferre
640 425 743 475 Latino?

136 489 230 537 Italiam
242 491 294 538 fatis
305 490 371 553 petiit
381 492 528 549 auctoribus3
546 501 609 548 ustor

136 553 271 603 Cassandro
282 556 396 618 impulsus
406 555 481 603 furiis.
509 556 577 605 Num
588 558 692 620 linquere
701 562 779 603 metra

137 617 232 667 Hortati
243 634 332 678 sumus,
344 628 385 668 auc
393 620 464 667 vitam
476 620 619 669 committere
629 619 722 669 ventis?

71 686 74 693 '
136 681 205 730 Num
215 699 287 746 puero
295 699 411 732 summam
421 685 486 745 belli,
497 700 555 733 num
564 686 655 734 credere
661 684 759 732 muros?
778 682 814 738 70

136 745 312 811 Tyrrhenamve
323 749 393 796 fidem
404 758 444 797 sut
454 757 534 813 gentes
544 749 631 813 &aare
641 748 749 813 quietas?

137 810 198 870 Quis
209 812 275 861 Deus
285 813 310 860 in
320 813 435 875 fraudem,
446 830 500 878 quae
510 814 569 862 dura
578 813 681 877 potentia
690 811 774 871 nostri,

135 874 220 939 Egit?
241 878 290 926 Ubi
300 878 340 925 hle
349 879 424 937 duno,
436 878 563 927 demissave
572 879 674 927 nubibus
685 874 748 925 Iris?

135 940 265 1005 Indignum
276 951 318 1002 est,
329 942 402 990 Italos
413 942 510 1005 Trojam
522 942 662 990 circumdare
672 940 777 990 flammis

135 1004 285 1067 Nascentem,
298 1015 320 1054 et
330 1006 405 1071 patrib
416 1006 525 1054 Turnum
536 1007 657 1055 consistere
666 1006 736 1065 terra,
778 1005 813 1061 75

137 1068 183 1117 cui
195 1070 319 1119 Pilumnus
329 1087 394 1131 avus,
406 1070 443 1119 cui
452 1072 508 1120 diva
516 1071 611 1120 Venilia
621 1078 709 1119 mater:

138 1132 212 1192 Quid,
223 1134 273 1182 fare
283 1135 397 1197 'l'rojanor
407 1136 458 1183 atris
468 1136 517 1184 vim
527 1136 587 1183 ferre
597 1135 707 1183 latinis?

136 1197 204 1246 Arva
213 1199 288 1247 aliena
296 1201 354 1263 jugo
364 1216 476 1263 premere,
487 1210 557 1265 atque
567 1208 668 1248 avertere
678 1198 791 1264 praedes?

138 1262 213 1321 Quid,
225 1278 312 1311 soceros
321 1264 404 1327 legere,
417 1275 440 1311 et
450 1265 545 1327 gremiis
555 1265 668 1312 abducere
678 1266 778 1327 pactas?

138 1326 224 1375 Pacem
235 1343 298 1376 orare
309 1344 391 1387 manu,
402 1328 520 1393 praefigere
530 1330 648 1393 puppibus
658 1332 744 1377 arma?
776 1328 813 1376 80

139 1392 179 1439 Tu
190 1401 255 1456 potes
266 1394 357 1441 AEnean
368 1394 476 1442 manibus
486 1394 614 1442 subducere
625 1393 732 1452 Graium,

139 1457 232 1522 Proque
242 1456 291 1505 viro
301 1458 411 1505 nebulam
422 1465 444 1505 et
455 1467 535 1507 ventos
545 1459 667 1506 obtendere
677 1457 774 1514 inanesg

138 1521 172 1569 Et
183 1531 247 1585 potes
258 1522 283 1568 in
294 1522 389 1570 lotidem
400 1521 496 1570 classem
506 1532 635 1571 convertere
645 1522 772 1585 Nymphas
782 1538 791 1569 r

139 1586 191 1634 Nos
202 1586 291 1649 aliquid
301 1587 403 1635 Rutulos
413 1595 492 1635 conda
500 1587 595 1649 juvisse,
606 1586 733 1635 nefandum
743 1584 802 1659 qut?

139 1650 228 1699 AEneas
239 1650 333 1713 ignarus
344 1653 421 1699 abest:
439 1651 643 1714 ignarusetabsit.
777 1652 812 1699 85

138 1714 184 1762 Est
194 1715 299 1778 Paphus,
311 1715 460 1779 Haliumque
472 1716 522 1776 tibi,
534 1724 589 1765 sunt
599 1716 647 1764 alta
657 1714 775 1779 cytherea

98 1810 99 1813 =
140 1779 206 1839 Quid
216 1779 334 1843 gravidm
345 1780 411 1827 bellis
422 1782 504 1829 urbem
515 1790 538 1829 et
548 1780 617 1828 corda
626 1796 706 1843 aspera
716 1780 812 1828 tenus?

138 1845 221 1893 Nosne
232 1844 277 1905 tibi,
284 1844 359 1891 fluxas
370 1844 480 1907 Phrygiae
490 1861 525 1893 res
535 1854 621 1894 vertere
630 1844 704 1893 fundo

140 1908 278 1957 Conamur?
295 1912 355 1957 nos?
372 1923 402 1955 an
412 1908 507 1957 miseros
516 1910 559 1974 qui
570 1909 645 1957 'l'roas
654 1908 753 1957 Achivis

140 1974 253 2035 Objeeit?
269 1989 323 2038 quae
333 1988 402 2021 causa
411 1973 465 2033 fuit,
478 1989 612 2037 consurgere
622 1974 647 2021 in
658 1989 723 2021 arma
777 1974 812 2021 90

139 2038 307 2101 Europamque
317 2038 455 2101 Asiamque,
468 2047 491 2085 et
500 2038 585 2086 foedera
595 2039 682 2087 solvere
691 2038 775 2085 furto?

139 2102 184 2151 Me
194 2104 252 2151 duce
263 2102 395 2150 Dardanius
406 2103 514 2165 Spartam
525 2103 667 2167 expugnavit
677 2102 789 2151 adulter?

139 2167 193 2216 Aut
203 2182 246 2231 ego
258 2167 304 2215 tela
314 2166 376 2225 dedi,
388 2166 463 2214 fovive
473 2167 581 2230 cupidine
591 2169 671 2215 bella?

139 2231 205 2279 Tum
217 2231 293 2279 decuit
303 2232 411 2279 metuisse
421 2230 481 2279 tuis:
498 2246 561 2279 nunc
571 2248 621 2280 sera
631 2230 730 2295 querelis

140 2294 214 2343 Haud
224 2295 292 2357 justis
302 2296 411 2359 assurgis,
423 2304 447 2342 et
456 2295 522 2343 irrita
530 2297 608 2360 jurgia
616 2297 696 2357 jactas.
778 2296 812 2345 95

174 2360 272 2408 Talibus
283 2361 363 2407 orabat
372 2361 453 2408 June:
471 2362 594 2425 cunctique
603 2361 733 2410 fremebant

140 2424 254 2471 Coelicolae
265 2438 356 2471 assensu
368 2426 446 2471 varios
464 2440 506 2472 ceu
517 2424 612 2473 flamina
621 2425 705 2489 prima,

141 2488 203 2535 Cum
213 2488 324 2551 deprensa
334 2488 437 2535 fremunt
447 2488 519 2549 silvis,
530 2501 553 2537 et
563 2505 622 2537 caua
632 2489 737 2537 volutant

140 2551 276 2615 Murmura,
288 2559 395 2599 venturos
405 2552 613 2617 nautisprodenda
623 2562 710 2601 ventos.
778 2556 813 2603 99

141 2614 207 2663 'l'um
220 2616 289 2664 Pater
299 2615 541 2679 munipocens,rerum
552 2618 591 2667 cui
601 2632 693 2667 sununs
699 2624 812 2682 putenm,
