1892 2917
207 481 245 546 r.
267 440 471 549 vrizomn
494 478 713 546 tutemus

356 615 575 698 murrinos

300 793 425 843 LIBER
441 791 632 844 OCTAVUS.

131 1073 167 1121 Ut
177 1071 232 1120 belli
242 1071 335 1134 signnm
345 1068 458 1117 Inurmti
469 1069 566 1117 Turnus
576 1069 606 1116 ub
617 1083 668 1116 arce

131 1135 234 1195 Extulit,
246 1144 269 1184 et
279 1150 348 1182 reuco
358 1142 506 1198 strepuerunt
515 1148 601 1182 cernue
611 1140 697 1191 cuntu3

132 1201 213 1264 thue
223 1214 285 1248 auce
296 1198 409 1246 concussit
418 1213 498 1262 equos,
510 1209 583 1260 utque
593 1197 687 1261 impulit
697 1210 780 1254 ως

131 1264 259 1328 Extemplo
269 1263 355 1311 turbati
365 1262 453 1319 animi3
470 1262 540 1310 simul
551 1276 619 1309 onme
630 1261 733 1309 tumultu

134 1329 247 1390 conjurat
257 1328 346 1391 trepido
356 1326 461 1385 Ictium,
473 1326 582 1389 saevitque
591 1327 700 1387 juventus
787 1327 804 1372 5

133 1392 220 1441 Effera.
239 1393 352 1440 Ductores
362 1391 433 1454 primi
444 1391 568 1454 Messapus
578 1399 602 1437 et
611 1389 694 1448 Utens,

133 1457 314 1521 contemtorque
325 1457 403 1503 Derim
414 1455 554 1512 Mezentius,
566 1454 669 1517 undique
679 1461 765 1517 cogunt

133 1523 242 1583 Auxilia,
253 1532 278 1570 et
287 1523 346 1569 lutos
357 1528 447 1568 vastant
459 1519 585 1567 cultoribus
596 1534 672 1582 agros.

134 1586 241 1635 Mittitur
251 1596 274 1634 et
283 1585 363 1648 magni
373 1584 481 1633 Venulus
492 1583 612 1630 Diomedis
623 1583 653 1630 ud
663 1585 755 1643 urbem,

134 1650 185 1709 Qui
195 1660 258 1714 petet
268 1649 390 1704 auxilium,
399 1657 430 1708 et,
439 1647 509 1695 letio
519 1647 638 1696 consistere
649 1648 759 1708 Teucros,
773 1648 805 1696 lo

133 1716 265 1763 Advectum
276 1715 369 1762 AEnean
379 1712 453 1772 daed,
465 1712 581 1774 victosque
593 1712 691 1760 Penates

133 1780 233 1838 Inferre,
244 1787 268 1827 et
277 1779 331 1826 fatis
341 1793 417 1840 regn
429 1791 453 1824 se
463 1775 538 1824 dicere
547 1776 619 1839 posci,

133 1843 245 1902 Edoceat,
255 1843 387 1905 multusque
397 1841 446 1889 viro
455 1856 480 1888 se
490 1840 615 1904 adjungere
628 1848 707 1904 gentes

133 1907 263 1968 Dardanio,
274 1916 297 1954 et
306 1908 352 1954 lete
360 1906 429 1953 Isstio
439 1905 601 1953 increbrescere
611 1917 705 1954 nomen·

133 1972 201 2031 Quid
211 1980 284 2020 struet
293 1972 330 2019 his
340 1969 427 2034 coeptis,
435 1984 514 2034 quem,
526 1970 545 2017 si
556 1969 660 2017 Fortuna
669 1977 787 2034 sequetur,

133 2037 253 2086 Eventum
263 2051 349 2100 pngnae
359 2033 444 2099 cupiat,
455 2033 598 2082 manifestius
609 2034 662 2098 ipsi,
739 2089 740 2092 Ἴ
773 2036 805 2084 16

133 2101 215 2160 Quum
227 2102 309 2149 Turno
319 2099 376 2162 regi,
385 2107 426 2146 eut
435 2099 484 2162 regi
494 2113 603 2162 apparere
614 2099 707 2146 Latino.

168 2165 238 2212 Talin
247 2181 288 2228 per
298 2164 410 2220 Ietium3
428 2179 481 2227 quae
492 2162 671 2211 Laomedontius
681 2163 747 2212 heros

134 2230 226 2278 Cuncta
235 2228 323 2288 videns,
334 2242 420 2291 magno
430 2243 538 2275 curarum
549 2227 645 2275 fluctuet
655 2237 728 2285 aestm

101 2341 108 2353 ,
133 2293 215 2356 Atque
225 2293 330 2339 animum
340 2291 456 2339 nunchuc
463 2291 569 2351 celerem,
580 2306 642 2338 nnnc
648 2291 730 2340 dividit
737 2293 803 2353 illuc,

134 2357 164 2404 In
174 2364 297 2419 partesque
306 2355 367 2418 rupit
377 2357 460 2413 varies,
471 2371 558 2430 perque
569 2356 647 2418 omnis
657 2365 747 2404 verset:
768 2352 802 2406 '21

134 2421 200 2469 Sicut
209 2435 276 2482 uquae
287 2419 413 2466 tremulum
423 2421 494 2467 lubus
505 2419 546 2467 ubi
555 2420 635 2466 lumen
643 2421 707 2469 einis
728 2426 731 2431 '

134 2484 188 2532 Sole
198 2497 364 2547 repercussum,
375 2491 416 2530 out
426 2483 536 2532 radiantis
546 2483 739 2546 imaginemus,

136 2547 226 2594 Omnis
234 2546 357 2610 pervolitat
365 2546 412 2594 lute
421 2547 480 2606 loct,
489 2549 585 2611 jamque
595 2550 638 2596 sub
648 2563 716 2598 euros

136 2610 250 2673 Erigitur,
261 2610 393 2673 summique
402 2611 455 2660 serit
464 2612 581 2676 laquearis
592 2611 652 2661 tecti.
772 2617 806 2662 25
