1892 2917
159 106 190 155 u
336 99 640 171 anonomastos
665 128 675 147 .

161 228 262 281 Insicco
272 228 358 277 ludunt
367 210 458 285 fulicer
477 239 588 294 notasque
597 230 694 295 paludes
775 224 836 275 ’363

163 294 263 352 Deserit,
280 302 348 357 atque
359 294 431 341 altam
442 310 512 357 supra
522 296 585 343 volat
595 296 663 343 ardea
673 295 768 342 nubem·

163 360 230 421 Saepe
241 358 309 405 etiam
321 358 406 415 stellas,
418 354 486 405 vento
497 360 653 422 impendente,
664 358 753 409 videbis
781 356 832 407 365
924 362 934 436 ’ἢ

933 455 935 534 l

163 421 295 485 Pracipites
306 422 362 469 coelo
372 422 428 481 labi,
440 422 558 486 noctisque
568 440 610 487 per
621 426 730 472 umbram

165 488 326 535 Flammarum
337 487 417 548 longos
427 502 441 533 a
451 494 516 549 tergo
526 488 638 536 albescere
648 497 751 545 tructus3
802 510 806 521 ·

166 553 233 614 Saepe
242 552 318 598 levem
328 552 418 614 paleam
430 559 452 597 et
462 550 554 598 frondes
565 553 660 600 volitare
670 552 778 614 cadum,

163 615 216 664 Aut
226 615 319 667 summi
329 624 410 662 nantes
420 614 443 661 in
455 616 517 677 aqui
527 616 641 663 colludere
651 616 752 679 plumas.
785 618 837 682 369
933 655 934 658 ,

164 682 201 728 At
213 680 293 727 Boreae
304 679 332 726 de
343 688 407 741 parte
418 680 487 725 trucis
498 695 552 727 cum
563 680 681 738 fulminat,
693 690 716 728 et
725 696 781 729 cum

166 744 271 806 Eurique
282 743 429 806 Zephyrique
440 751 505 790 tonat
515 744 606 801 domus,
617 745 697 792 omnia
706 745 782 807 plenis
799 772 804 775 -

167 809 234 857 Rura
244 816 324 855 natant
334 808 408 864 fossis,
419 815 489 870 atque
498 809 574 855 omnis
584 809 662 857 navita
671 819 743 872 ponto

167 871 274 921 Humida
284 871 335 918 vela
344 871 407 933 legit.
424 872 555 935 Nunquam
566 872 752 935 imprudentibus
758 873 838 924 imber
933 919 934 954 1

167 936 265 984 Obfuit:
283 943 324 981 aut
334 935 402 982 illum
413 945 544 997 surgentem
555 937 654 985 vallibus
663 938 717 985 irnis

167 998 338 1061 Atriaefugere
347 1014 430 1061 grues3
448 1000 592 1059 caruncula,
606 1002 690 1049 coelum
787 1003 837 1058 375
933 1023 935 1054 ;

167 1064 308 1127 suspiciens,
319 1064 405 1125 patulis
415 1063 516 1127 captavit
525 1066 619 1113 naribus
629 1082 711 1126 auras3

168 1127 220 1177 Aut
231 1136 312 1189 argute
322 1127 385 1175 lacus
396 1128 587 1177 circumvolitavit
596 1130 711 1189 hirundo;
789 1172 792 1177 .

102 1242 105 1247 ,
167 1193 201 1241 Et
211 1200 311 1240 veterem
321 1190 345 1239 in
356 1192 414 1239 limo
424 1208 486 1240 ranae
496 1193 597 1241 cecinere
607 1195 732 1257 querelam.
800 1216 803 1221 ·

169 1256 258 1319 Saepius
270 1264 292 1303 et
303 1256 367 1303 tectis
378 1256 533 1319 penetralibus
544 1258 628 1306 exmlit
637 1274 681 1307 ova

169 1322 307 1383 Angustum
316 1321 412 1374 formica
422 1329 497 1369 terens
507 1322 558 1381 iter,
570 1332 594 1369 et
603 1322 663 1370 bibit
672 1324 754 1387 ingens
787 1325 839 1373 380

169 1385 261 1443 Arcus3
278 1392 301 1431 et
311 1399 324 1431 e
335 1393 402 1447 pastu
413 1384 523 1433 decedens
534 1387 627 1448 agmine
636 1402 723 1450 magno
773 1420 778 1433 .

171 1448 423 1511 corvorumincrepuit
433 1449 509 1497 densis
519 1451 631 1499 exercitus
641 1452 691 1499 alis.

89 1574 90 1578 Ἰ
170 1514 227 1562 Jam
238 1513 311 1560 varias
322 1513 398 1575 pelagi
409 1514 520 1571 volucres,
531 1522 555 1561 et
564 1531 618 1577 qua
627 1516 687 1563 Asia
697 1516 784 1566 circum

170 1578 286 1626 Dulcibus
293 1577 319 1623 in
330 1577 416 1641 stagnis
427 1577 542 1625 rimantur
551 1588 617 1640 prata
628 1581 729 1643 Caystri,

171 1641 284 1691 Certatim
294 1642 369 1703 largos
379 1641 483 1689 humeris
490 1642 612 1690 infundere
622 1651 692 1702 rores,
789 1647 840 1695 385

170 1708 242 1755 Nunc
252 1712 322 1767 caput
333 1706 444 1765 objectare
455 1705 527 1765 fretis,
538 1720 601 1754 nunc
611 1723 701 1757 currere
710 1708 736 1757 in
746 1710 832 1772 undu,

170 1770 205 1821 Et
215 1768 290 1821 studio
298 1768 415 1821 ¹incussum
427 1768 504 1817 videas
515 1772 597 1832 gestire
607 1772 707 1820 levandi.

171 1834 236 1885 Tum
248 1832 327 1881 cornix
338 1832 407 1895 pleni
418 1833 523 1895 pluviam
533 1843 598 1881 vocat
608 1835 715 1899 improba
725 1854 788 1901 voce,

171 1898 205 1947 Et
213 1898 261 1945 sola
271 1896 296 1941 in
307 1896 365 1944 sicci
376 1911 453 1943 secum
464 1897 576 1960 spatiatur
585 1901 662 1948 meni.
816 1908 820 1914 ’

171 1962 211 2010 Ne
221 1968 332 2008 nocturna
342 1960 437 2023 quidem
448 1971 565 2024 carpentes
575 1978 648 2025 pensa
658 1968 743 2029 puelle
790 1969 841 2019 390

171 2025 295 2076 Nescivere
305 2024 415 2083 hiemem,
426 2026 486 2073 testi
496 2042 550 2075 cum
561 2026 655 2076 ardente
665 2032 768 2080 viderent

173 2088 303 2140 Scintillare
313 2089 399 2146 oleum,
411 2097 433 2135 et
443 2097 522 2151 putres
531 2105 672 2142 mucresoere
679 2096 771 2159 fungos.

208 2154 260 2203 Nec
270 2152 348 2199 minus
358 2168 387 2199 ex
397 2152 467 2203 imbri
477 2154 536 2202 soles
546 2164 569 2203 et
579 2166 658 2219 aperta
667 2175 747 2208 serena
845 2162 850 2171 ⁴

177 2216 318 2280 Prospicere‚
329 2224 352 2264 et
363 2216 427 2263 certis
438 2218 522 2279 poteris
532 2234 665 2281 cognoscere
675 2223 758 2286 signis·

177 2282 242 2331 Nem
253 2296 329 2344 neque
340 2289 391 2328 tum
402 2281 472 2329 stellis
483 2283 542 2332 acies
551 2285 633 2333 obtusa
641 2286 746 2347 videtum
794 2292 845 2341 395

179 2347 231 2395 Nec
241 2345 316 2392 fratris
327 2345 395 2391 radiis
406 2346 506 2392 obnoxia
516 2363 608 2409 surgere
618 2350 703 2408 Luna3
763 2374 767 2381 ·

177 2409 270 2457 Tenuis
278 2423 322 2467 nec
332 2409 391 2455 lane
401 2424 442 2471 per
452 2410 535 2460 culum
546 2411 630 2461 vellera
640 2414 694 2463 terri
700 2433 709 2475 ς

178 2474 234 2530 Non
246 2472 350 2535 tepidum
361 2472 391 2519 ad
401 2474 473 2521 solem
484 2490 573 2537 pennu
582 2475 607 2523 in
617 2477 684 2526 litore
693 2482 800 2543 pandunt

176 2535 277 2590 Dilectae
287 2534 383 2584 Thetidi
394 2536 514 2599 alcyonem
530 2553 578 2588 non
588 2554 628 2590 ore
637 2543 724 2593 solutos
