1892 2917
151 108 182 155 aa
240 94 245 101 '
336 66 524 161 anonoma.
541 109 578 159 11.
595 110 635 166 aa.

150 236 301 297 Exspectant,
313 246 336 286 et
346 238 398 287 riva
408 239 451 287 sub
460 237 575 303 plantaria
585 239 653 288 terri·
788 240 822 295 27

151 301 194 349 Nil
205 301 286 350 radicis
296 312 363 365 egent
373 303 440 361 aliae3
457 320 625 368 summumque
635 310 728 367 putator

151 366 225 413 Haud
235 366 324 414 dubitat
334 376 400 415 terrae
410 368 509 423 referens
520 370 630 416 mandare
640 384 758 417 cacumen·

151 429 216 487 Quin
228 440 251 478 et
262 432 393 480 caudicibus
404 433 469 479 sectis
481 434 598 495 (mirabile
608 434 682 493 dimu)
786 434 820 482 30

151 494 265 543 Truditur
275 512 288 543 e
299 497 357 544 sicco
367 496 434 543 radix
444 498 549 560 oleagina
559 498 632 560 ligno.

149 558 184 605 Et
195 575 254 622 saepe
264 560 357 608 alterius
367 576 443 609 ramos
453 562 550 624 impune
560 561 666 610 videmus

149 623 245 671 Vertere
256 624 279 672 in
291 626 392 683 alterius,
403 634 564 690 mutatamque
574 626 643 674 insita
652 627 716 674 mala

149 687 219 735 Ferre
230 689 315 751 pirum,
328 698 350 737 et
360 689 440 753 prunis
450 690 553 752 lapidosa
563 692 681 739 rubescere
691 705 760 738 coma

181 751 261 810 Quare
271 754 340 815 agite,
350 769 373 813 ο,
385 754 488 816 proprios
498 755 624 817 generatim
634 755 714 803 discite
724 755 810 813 cultus,

149 811 273 879 Agricola,
285 818 418 881 fructusque
428 818 487 866 feros
497 820 585 867 mollite
596 818 706 875 colend03
785 821 818 868 36

150 880 205 928 Neu
216 897 295 944 segnes
303 883 393 942 jaceant
404 891 476 930 terrae.
508 884 526 931 J
528 893 582 931 uvat
593 885 683 931 Ismara
693 884 787 932 Baccho

150 945 283 1003 Conserere,
295 956 364 1009 atque
374 947 425 993 olea
436 962 549 1010 magnum
560 948 641 995 vestire
651 950 800 996 Taburnum

150 1009 236 1073 Tuque
247 1010 308 1065 ades,
319 1011 483 1074 inceptumque
493 1013 541 1059 uni
552 1012 645 1059 decurre
654 1013 767 1073 laborem,

149 1073 173 1121 0
184 1073 261 1131 decus,
272 1074 365 1122 ofamae
375 1075 456 1123 merito
466 1092 519 1139 para
530 1077 633 1124 maxima
643 1086 735 1137 nostrae,
784 1082 818 1126 40

149 1136 281 1185 Maecenas!
299 1140 426 1204 pelagoque
437 1140 516 1187 volana
528 1141 558 1189 da
568 1141 619 1188 vela
628 1142 724 1203 patenti.

149 1202 206 1249 Non
217 1218 260 1265 ego
269 1213 351 1251 cuncta
360 1205 418 1252 meis
428 1205 536 1269 amplecti
546 1205 648 1254 versibus
659 1217 729 1269 opto;

149 1266 214 1327 Non,
225 1267 284 1314 mihi
295 1268 314 1315 si
324 1268 410 1331 lingua
420 1278 513 1317 centum
523 1270 577 1326 sint,
587 1284 672 1333 oraque
682 1279 786 1332 centum,

149 1330 232 1379 Ferrea
242 1346 302 1379 vox:
320 1333 381 1393 ades,
393 1342 416 1381 et
426 1334 496 1396 primi
506 1334 556 1397 lege
563 1334 636 1381 litoris
645 1350 718 1383 oram.

147 1395 179 1443 In
190 1395 297 1444 manibus
308 1404 387 1455 terrae3
404 1413 450 1445 non
462 1399 502 1446 hic
511 1407 535 1446 te
545 1398 645 1447 carmine
656 1399 718 1460 ficto,
783 1400 816 1447 45

149 1459 230 1523 Atque
240 1475 281 1524 per
291 1464 398 1525 ambages
409 1471 432 1510 et
441 1464 512 1525 longa
522 1479 610 1521 exorsa,
622 1465 712 1511 tenebo.

181 1526 267 1588 Sponte
277 1526 320 1574 sui
330 1542 383 1589 quae
393 1543 416 1575 se
427 1528 512 1574 tollunt
522 1528 546 1574 in
557 1527 652 1575 luminis
663 1543 723 1587 oras,

148 1588 277 1637 Infecunda
287 1590 390 1654 quidem,
402 1591 442 1639 sed
452 1592 506 1639 laeta
515 1600 538 1639 et
548 1592 615 1639 fortia
625 1601 739 1654 surguot3

148 1652 243 1719 Quippe
253 1656 301 1703 solo
312 1663 394 1707 natura
404 1658 488 1703 subeat
522 1656 613 1704 Tamen
623 1656 673 1704 hac
682 1672 784 1720 quoque,
796 1658 817 1706 ai

277 1735 330 1782 quis
801 1772 807 1779 ,

148 1782 246 1840 luserat,
258 1792 298 1830 aut
309 1785 425 1833 scrobibus
434 1784 529 1833 mandet
538 1793 628 1833 mutata
638 1785 746 1845 subactis,
782 1788 817 1834 50

41 1860 63 1889 .·
147 1846 263 1895 Exuerint
273 1847 398 1897 silvestrem
408 1850 523 1908 aruinum,
534 1850 644 1913 cultuque
654 1850 770 1913 frequenti
800 1900 803 1908 ,

147 1912 177 1959 In
189 1926 345 1976 quascumque
356 1929 420 1961 voces
430 1922 490 1961 artes
500 1914 564 1961 baud
575 1914 640 1962 tarda
650 1923 782 1978 sequentur.

147 1976 254 2035 Necnon,
267 1987 289 2026 et
300 1978 382 2026 sterilis
393 1994 446 2041 que
457 1979 565 2041 stirpibus
577 1979 665 2027 exitab
675 1979 738 2040 imis,

147 2039 201 2089 Hoc
210 2041 287 2101 faciet,
298 2058 381 2091 vadios
392 2042 411 2090 si
422 2042 451 2091 sit
461 2042 549 2105 digesta
558 2058 599 2107 per
609 2058 691 2107 agrosa

145 2105 218 2154 Nunc
228 2106 281 2155 alta
290 2107 382 2155 frondes
392 2115 415 2155 et
425 2108 485 2154 rami
494 2107 575 2155 manis
584 2117 690 2170 opacant,
782 2112 817 2157 55

147 2169 309 2236 Crescentique
318 2172 425 2219 adimunt
434 2172 502 2231 fetus,
514 2180 631 2235 unmtque
641 2172 761 2221 ferentem.

177 2236 196 2283 J
197 2251 244 2296 am,
256 2253 309 2300 quae
319 2236 444 2284 seminibus
453 2237 520 2297 jactis
530 2252 555 2284 se
565 2237 657 2284 mandit
667 2239 743 2297 arboe,

145 2298 226 2347 Tarda
235 2300 306 2359 venit,
318 2301 372 2349 seria
382 2302 471 2348 factura
481 2301 603 2365 nepotibus
612 2305 737 2360 umbram3
831 2341 838 2350 .

146 2362 267 2427 Pomaque
277 2364 423 2427 degenerant,
435 2380 513 2413 suoeos
523 2365 595 2413 oblita
605 2366 706 2429 prior'eaz

144 2427 179 2475 Et
189 2436 275 2491 turpes,
287 2428 368 2476 avibus
378 2430 489 2495 predam,
501 2429 545 2477 sert
555 2444 602 2477 uva
611 2440 720 2479 raoemoa.
782 2434 817 2482 60

145 2491 236 2539 Scilicet
246 2492 354 2541 omnibus
364 2502 398 2541 eat
408 2495 473 2542 labor
484 2493 665 2557 impendendum
683 2504 706 2543 et
716 2510 797 2545 omnes

211 2556 263 2605 uda
273 2557 298 2605 in
309 2557 408 2617 sulcum,
420 2573 447 2605 ac
456 2558 533 2607 multi
543 2558 647 2607 mercede
657 2559 788 2609 mmanda

146 2620 163 2668 S
202 2622 289 2672 uuna·
298 2622 355 2673 olea
365 2623 456 2683 melius,
468 2622 594 2687 propagine
604 2623 662 2671 vites
