1892 2917
156 94 189 143 86
325 88 513 139 ouoefflcn.
529 86 577 137 1V.
594 85 652 133 ΞΜ.

124 210 738 280 .Omnisiuhacoertau1regiojacitartesalutem.
771 207 823 257 29⁴

157 284 264 346 Exiguus
274 282 385 345 primum,
396 290 465 345 atque
475 282 536 344 ipsos
545 285 673 328 nontractus
683 274 714 321 ud
723 287 790 347 usur,

157 347 259 409 Eligitur
267 347 345 395 locus:
362 345 424 393 hunc
434 345 571 408 angustique
580 340 675 389 imbrice
684 347 739 385 teau
773 337 823 385 296

157 412 332 475 Parietibnsque
341 418 450 473 premunt
459 409 535 468 arctis,
546 417 570 456 et
580 412 691 469 qustmar
698 401 799 461 addunt,

158 475 275 533 Quattuor
284 491 299 523 a
308 475 388 529 sentis,
400 474 496 537 ,obliquis
504 474 556 521 luce
565 472 682 519 fenestras.

159 538 224 587 Tum
234 540 328 597 vitinus,
339 538 403 587 bimi
413 552 510 587 mrraus
516 538 566 598 jem
577 548 662 583 somna
670 532 757 605 houm

104 626 107 629 *
159 603 290 662 Quaeriturr
307 603 361 651 huic
370 602 468 665 gemine
478 616 544 649 neres
553 611 576 647 et
585 597 679 661 spiritus
689 610 735 643 ons
772 592 824 641 300

159 666 239 715 Multa
249 667 369 715 reluctanti
379 666 491 724 obruitur,
501 664 622 727 plagisque
631 667 736 724 peremto

160 729 241 779 Tunsa
250 747 291 806 por
299 731 411 793 integram
422 730 542 777 solvuntur
552 728 637 777 viscera
645 724 743 797 pellem,

160 794 198 843 Sic
207 803 307 857 pontum
318 794 342 841 in
353 795 429 841 clauso
438 794 557 855 linquunt,
568 801 591 841 et
600 804 679 838 ramea
687 795 756 835 ocsus

161 858 291 919 subjiciunt
300 858 436 919 ingmarus,
447 858 565 919 myrtum,
576 855 691 916 monsque
702 857 811 899 mentes.

161 922 214 969 Hoc
223 922 317 985 geritur,
325 922 436 984 Zephyris
445 922 548 984 primum
558 916 730 983 impellentibus
739 914 824 974 undas,

160 986 225 1033 Ante
235 986 299 1033 noris
309 987 406 1033 rubeant
416 1000 486 1048 quam
496 993 563 1047 prate
572 982 693 1038 coloribus,
705 986 758 1027 ante
774 979 825 1026 306

162 1050 261 1097 Garnrla
271 1064 342 1112 quem
352 1049 420 1113 tignis
430 1049 513 1096 nidum
522 1048 647 1109 suspendat
656 1042 764 1092 hirundo·

105 1113 107 1121 '
161 1114 253 1161 Interes
262 1112 344 1161 teneris
354 1113 478 1176 tepefactus
487 1113 512 1159 in
523 1113 613 1160 ossibus
622 1110 708 1157 humor
718 1153 721 1157 ,

161 1176 269 1225 AEstuatr
287 1184 310 1225 et
320 1177 412 1225 visenda
422 1177 496 1226 modis
506 1176 614 1228 animalia
620 1173 697 1231 miris,

161 1240 256 1289 Trunca
266 1241 351 1304 pedum
361 1241 445 1305 primo,
456 1257 513 1289 mox
523 1249 546 1289 et
553 1238 671 1288 euidentia
677 1234 760 1299 pennis
775 1234 827 1284 310

162 1304 299 1363 Miscentur,
311 1313 449 1368 tenuemque
458 1305 534 1368 magis
542 1304 617 1367 magis
627 1307 681 1351 at'ra
690 1308 805 1363 carpunt3

161 1368 251 1428 Donec,
262 1377 289 1417 ut
299 1369 382 1417 estivis
392 1370 478 1419 effstsus
487 1369 589 1417 nubibus
599 1369 682 1427 inber,

161 1432 283 1496 Eruperes
294 1441 335 1481 aut
345 1442 380 1492 ut,
391 1448 460 1482 nervo
470 1434 585 1497 pulsante,
596 1432 694 1495 sagitte,
705 1491 712 1503 .

161 1497 241 1545 Prima
251 1498 311 1545 leves
321 1497 401 1545 ineunt
411 1498 430 1545 si
441 1498 534 1561 quando
543 1497 623 1561 prolia
633 1492 720 1543 Parthi·
776 1492 827 1541 314

195 1560 254 1619 Quis
261 1561 400 1619 nostrane,
410 1562 496 1619 Musae,
502 1562 555 1625 quis
562 1562 628 1609 uobis
634 1557 726 1607 extudit
732 1560 826 1605 artem?

162 1624 232 1673 Unde
242 1639 301 1673 nova
311 1626 424 1687 higressns
434 1625 556 1673 hominum
566 1623 707 1687 experientia
716 1620 797 1685 oepit?

164 1689 244 1736 Pastor
254 1689 374 1748 Aristeus,
385 1689 476 1752 lugiens
487 1690 573 1737 Peneis
582 1689 682 1750 Tempe,

161 1753 262 1801 Amissis
273 1754 311 1815 (ut
320 1750 393 1813 fama)
404 1754 486 1816 apibus
495 1754 621 1816 morboque
630 1753 748 1813 fameque,

162 1815 246 1864 Tristis
256 1816 286 1863 ad
296 1817 392 1864 extremi
402 1832 491 1865 sacrum
501 1826 571 1879 caput
580 1817 668 1865 adstitit
677 1814 762 1872 amuis,

163 1880 243 1928 Mults
252 1895 357 1992 querens,
368 1889 436 1945 atque
445 1881 489 1929 hec
500 1882 584 1929 affatus
594 1896 648 1929 vose
657 1887 791 1943 parentemr

163 1944 241 1993 Mater
272 1959 349 2007 yratte,
360 1954 441 2003 mater,
453 1960 506 2008 quse
515 1946 612 2027 pingitis
621 1946 692 2006 hujus
775 1944 823 1990 ‘tat

163 2008 217 2057 Ima
227 2018 298 2067 tenos,
309 2008 365 2071 quid
375 2024 413 2057 me
423 2010 533 2073 preclare
543 2010 612 2073 stirpe
622 2009 728 2057 Deorum

163 2072 200 2127 (Si
217 2072 389 2196 ωοᾶοᾍῳιῖιι)
402 2073 516 2136 perhibes,
535 2082 599 2137 pater
617 2081 652 2121 eat
668 2071 827 2134 'thymbram

315 2150 345 2199 po
363 2152 377 2183 o

163 2200 269 2248 Invisum
279 2200 332 2248 fatis
342 2200 459 2263 genuisti?
475 2209 517 2249 aut
526 2217 573 2265 quo
582 2199 626 2249 tibi
635 2200 707 2249 nostri
775 2198 827 2249 tet

162 2264 248 2312 Pulsus
259 2266 342 2312 amor?
359 2265 416 2339 quitl
426 2280 464 2313 me
475 2266 558 2313 ooelum
567 2280 658 2329 sperare
665 2266 782 2327 jubebas?

162 2328 202 2376 En
213 2328 281 2375 etiem
292 2328 355 2376 hune
364 2344 372 2375 1
389 2343 440 2377 sum
452 2328 505 2377 ritae
515 2329 616 2377 mortalis
626 2330 746 2388 honorem,
808 2368 812 2375 .

162 2391 241 2451 Quem
251 2392 310 2439 mihi
320 2392 359 2440 vix
438 2407 463 2439 m
474 2403 498 2441 et
507 2393 623 2457 peordum
635 2394 738 2441 cuaeth
747 2393 828 2443 sollers

162 2454 251 2503 Omnis
260 2455 358 2504 tentanti
368 2457 496 2516 exmderat,
507 2466 530 2505 te
540 2466 622 2517 mame,
632 2457 746 2521 relinquo.

161 2518 712 2595 Quinagestipasmmul'elioeseruerilrasr
777 2523 828 2571 329

162 2582 208 2630 Fer
218 2582 828 2648 stabulisinsmtcnmignmsqastemuoemessse
