1892 2917
136 121 184 168 23⁴
332 114 454 164 AENEIS·
469 113 532 163 vn.
547 115 603 162 25⁰.

136 247 230 296 Obtutu
240 251 304 293 tenet
312 259 361 303 ora,
372 243 467 307 soloque
476 242 602 291 immobilis
612 243 691 305 heret,
755 247 810 296 250*

137 312 242 358 Intentos
252 310 346 358 volvens
355 308 441 355 oeulos.
468 308 520 356 Nee
529 323 634 371 purpura
642 323 720 372 regem

137 375 204 422 Picta
212 381 298 433 movet,
308 388 352 421 nee
361 381 450 447 secptra
458 382 554 420 movent
564 372 680 421 Priameia
689 383 792 435 tantum,

137 439 262 499 Quantum
272 439 297 485 in
308 439 424 486 oonnubso
433 445 494 484 nata
504 436 653 500 thalamoque
663 447 781 497 moratum

138 504 172 552 Et
182 503 263 551 veterb
274 502 350 550 Fauni
360 500 431 549 volvit
441 501 485 548 sub
495 509 586 562 pectore
596 512 695 550 sortem:

139 568 212 616 Hunc
221 568 290 614 illum
300 567 355 614 fatis
364 565 459 614 externi
469 566 499 611 ab
510 565 562 612 sede
572 566 701 628 profectum
756 571 810 617 255

138 632 250 679 Portendi
259 645 380 694 generum,
390 629 531 692 paribusque
540 629 566 676 in
576 645 647 694 regna
657 633 732 680 voeeri

139 695 272 759 Auspiciis3
288 694 344 743 huic
354 693 486 757 progeniem
497 692 581 740 virtute
590 695 694 743 futuram

139 761 274 824 Egregium,
286 767 310 806 et
317 767 394 806 totum
404 773 458 820 quae
467 757 555 804 viribus
565 767 660 822 occupet
671 763 756 810 orbem.

142 825 250 873 Tandem
259 825 327 871 letus
337 823 384 870 aitz
401 821 436 867 Di
446 828 524 867 nostra
533 821 624 884 incepta
634 825 767 886 secundent,

140 885 410 952 Auguriumquesuuml
423 884 533 941 Dabitur,
543 885 721 952 ijauuquod
728 899 810 954 optas:

141 953 244 1001 Munera
251 967 293 998 nec
300 965 390 1014 sperno.
415 949 472 996 Non
480 947 553 1008 vobis,
565 965 617 1013 rege
625 953 719 1015 Latino,
760 957 810 1004 261

140 1017 228 1065 Divitis
237 1018 295 1063 uber
305 1014 355 1078 agri
366 1014 472 1074 Trojaeve
482 1013 601 1075 opulentia
610 1015 689 1064 deerit.

141 1082 196 1144 Ipse
205 1080 276 1128 modo
286 1079 383 1138 ΕΜ,
393 1076 466 1126 nostri
476 1077 496 1124 si
505 1085 570 1124 tanta
579 1080 663 1142 cupido
673 1090 716 1143 est,

142 1145 168 1196 Si
176 1144 245 1207 jnngi
254 1143 355 1207 hospitio
364 1151 480 1206 properat,
491 1141 610 1204 woiusque
620 1146 704 1206 vuueri,

87 1257 96 1270 Ι
140 1209 274 1265 Adveniat3
291 1207 371 1255 vulnus
381 1221 438 1254 neve
448 1205 694 1259 exhoneseatamioos.
759 1215 810 1263 265

142 1270 732 1336 Parsmibipaeiseritdextramtetigissetyranni.

141 1339 193 1387 Vos
203 1346 282 1386 eunus
291 1337 340 1400 regi
350 1351 403 1383 mea
412 1349 476 1382 nune
485 1334 595 1384 mandata
605 1337 693 1387 referta.

143 1404 188 1452 Est
197 1402 257 1450 mihi
267 1410 330 1459 nata,
341 1400 390 1449 viro
400 1399 475 1462 gentis
485 1413 556 1462 quam
565 1401 663 1464 jungere
672 1413 755 1454 nostra

141 1469 198 1516 Non
209 1466 283 1531 patrio
292 1482 322 1514 ex
332 1465 403 1528 adyto
411 1472 492 1521 sortes,
502 1478 549 1512 non
559 1465 661 1528 plurime
671 1469 726 1517 ooelo
764 1473 817 1523 269

142 1532 252 1581 Monstro
261 1531 353 1579 sinum:
371 1543 466 1592 moos
477 1528 576 1577 externis
585 1530 656 1580 effere
666 1535 695 1582 ab
706 1535 762 1596 oris,

144 1590 210 1660 (Hoc
220 1595 289 1644 latio
298 1598 393 1655 restare)
404 1602 499 1652 oenum,
510 1593 552 1656 qui
562 1595 673 1658 sanguine
683 1607 788 1648 nostrum

143 1661 239 1709 Nomen
249 1660 274 1708 in
284 1667 345 1707 astra
354 1659 435 1706 luant
460 1658 533 1706 Hunc
543 1655 612 1706 illum
621 1676 713 1723 posuere
722 1663 771 1713 fan

143 1725 178 1773 Et
187 1739 246 1783 reor,
257 1732 289 1783 et,
300 1723 321 1771 si
330 1723 388 1787 quid
397 1723 446 1771 seri
455 1737 521 1769 mens
531 1732 638 1787 augurat,
649 1736 711 1791 opto.

143 1789 204 1837 Hae
213 1787 304 1846 effetus,
315 1803 386 1851 equos
396 1802 493 1834 numero
503 1795 568 1850 pater
578 1788 643 1852 eligit
652 1792 724 1840 omni.

143 1855 242 1902 Stabant
251 1861 286 1901 ter
295 1860 389 1900 eentum
398 1851 467 1899 nitidi
477 1851 501 1898 iu
512 1853 653 1916 pretepibus
663 1857 730 1905 altis:
763 1859 813 1915 276
848 1851 850 1854 ⁵

143 1917 263 1967 Omnibus
272 1917 389 1979 extemplo
400 1915 497 1964 Teucris
504 1916 571 1976 jubet
581 1917 661 1968 ordine
671 1920 724 1972 duoi
805 1963 808 1968 .

143 1982 256 2030 Instratos
266 1989 327 2029 ostro
337 1980 436 2044 alipedes
445 1980 559 2044 pictisque
568 1983 658 2046 tapetis.

76 2106 79 2110 Ι
143 2046 225 2094 Aurea
235 2045 364 2109 pectoribus
373 2045 472 2093 demissa
482 2045 578 2093 monilia
604 2048 695 2098 endent.

145 2111 288 2169 Tettium,
299 2109 391 2158 fulsum
400 2109 517 2157 mandunt
526 2112 570 2157 sub
581 2062 688 2162 silentibus
699 2132 790 2167 aurum.
802 2127 805 2134 “

143 2175 245 2223 Absenti
255 2173 337 2222 AEneoe
347 2189 441 2222 eurtum
451 2173 602 2238 geminosque
609 2177 708 2240 jugales,
763 2185 813 2233 28⁰

145 2239 238 2288 Sernine
248 2239 278 2285 ab
289 2239 394 2298 adraso,
405 2239 517 2301 spirantes
527 2241 621 2288 nardius
631 2241 718 2306 ignem,

144 2303 244 2352 Illorum
256 2302 371 2366 degente,
382 2303 443 2366 patri
452 2318 511 2367 quos
522 2303 611 2353 dodals
622 2306 688 2356 Circe

144 2367 270 2431 Suppositi
280 2366 310 2414 de
319 2376 393 2415 matre
402 2367 486 2415 nothos
496 2367 573 2415 furata
583 2371 674 2420 cressit

144 2432 244 2479 Talibus
253 2431 366 2478 AEnesdae
376 2431 442 2479 donis
452 2431 565 2494 dictisque
573 2433 654 2482 latini

146 2496 262 2546 Sublimes
270 2495 295 2541 in
303 2494 368 2558 equis
376 2495 482 2554 redeunt,
491 2505 618 2560 pedemque
626 2507 749 2562 reportant.¹
764 2505 814 2553 285

178 2559 240 2608 Eoee
249 2568 327 2607 sutem
338 2559 440 2608 Inachiis
450 2573 499 2612 tete
508 2560 620 2610 referebat
630 2565 661 2612 ab
667 2564 739 2628 Argis
