1892 2917
156 98 187 145 re
248 164 250 172 ἢ
372 96 558 146 Buconica.
576 96 608 144 v.

155 224 207 275 Nos
224 234 302 301 tamen
320 225 370 274 haee
388 240 536 289 quocumque
553 224 624 273 modo
637 223 680 274 tibi
696 232 772 272 nostru
791 223 832 271 vi.

154 305 457 417 Dicemucslissslaphninque
467 363 537 401 tuum
547 353 656 401 tollemus
667 352 697 400 ad
707 360 782 409 astra3
793 291 831 337 ω

155 418 397 547 Daphniphqqlmalptra
414 420 531 466 feremus:
555 420 642 465 amavit
663 432 708 465 noa
726 432 829 481 ¹quoque

434 638 544 674 Morsus.

112 716 115 719 '
152 708 195 755 An
206 708 333 771 quidquam
345 708 410 757 nobis
420 708 461 755 tali
471 708 502 755 sit
512 721 608 754 munere
618 707 714 767 majus?

152 771 186 819 Et
196 788 254 835 puer
264 773 314 835 ipse
324 773 369 820 fuit
379 772 466 819 cantari
477 771 577 833 dignus3
595 780 619 818 et
628 771 673 818 ista

152 838 209 884 Jam
220 837 310 900 pridem
321 837 433 885 Stimicon
443 836 547 883 laudavit
557 835 659 883 camrina
669 835 742 884 nobis.
790 838 825 882 55

415 990 569 1027 Mauricas.

154 1060 274 1109 Candidus
284 1060 401 1109 insuetum
412 1062 510 1120 miratur
520 1062 593 1108 limen
603 1060 711 1124 Olympi,
844 1064 849 1070 '

20 1182 24 1189 ι
69 1150 71 1155 ·
152 1126 202 1173 Sub
213 1126 356 1189 pedibusque
366 1125 428 1174 ridet
436 1127 509 1173 nubea
519 1135 542 1173 et
553 1124 635 1183 sidera,
648 1123 763 1187 Daphnis.
860 1139 866 1154 ²

152 1190 218 1251 Ergo
229 1190 309 1237 alacris
320 1191 388 1238 silvas
398 1198 421 1237 et
431 1198 513 1237 catera
522 1206 577 1237 rura
588 1190 694 1251 voluptas
722 1196 725 1202 '

153 1254 264 1317 Panaque
275 1266 421 1318 pastoresque
431 1262 494 1301 tenet
504 1253 658 1317 Dryadasque
668 1252 764 1315 puellas.

152 1318 178 1365 N
180 1335 203 1366 er
214 1320 284 1382 lupus
294 1319 388 1367 insidias
399 1319 484 1381 pecori,
495 1334 537 1366 nee
548 1318 605 1365 retia
615 1318 686 1365 cervis
789 1317 824 1365 60

152 1383 210 1431 Ulla
220 1383 301 1431 dolum
313 1384 468 1431 meditanturr
487 1391 551 1430 amat
560 1385 635 1431 bonus
645 1382 692 1430 otia
703 1380 822 1445 Daphnis.

64 1442 68 1453 ¹
153 1447 202 1510 Ipsi
213 1448 293 1496 laetitid
303 1464 368 1495 voces
378 1448 408 1495 ad
419 1447 492 1495 sidera
500 1449 588 1508 jactant

152 1512 243 1559 Intonsi
253 1520 357 1569 montes3
374 1512 430 1575 ipsae
436 1514 487 1571 jam
498 1512 599 1559 carmina
609 1526 686 1573 rupes,

151 1576 208 1639 Ipsa
220 1586 301 1625 sonant
312 1580 418 1628 arbusta:
437 1576 512 1635 Deus,
521 1577 587 1623 Deus
597 1576 645 1633 ille,
657 1574 781 1623 Menalca!
825 1578 828 1583 '

150 1640 187 1687 Sis
198 1644 285 1699 bonus,
294 1642 320 1688 o!
333 1642 436 1704 felixque
446 1641 508 1688 tuis!
526 1656 555 1687 en
562 1648 672 1703 quattuor
683 1647 751 1686 aras:
787 1639 821 1686 65

150 1704 213 1752 Ecce
224 1706 281 1753 duas
291 1706 342 1766 tibi,
354 1705 459 1769 Daphni,
471 1705 529 1752 duas
539 1705 621 1751 altaria
632 1704 728 1751 Phoebo.

151 1770 239 1817 Pocula
249 1771 304 1818 bina
314 1786 374 1818 novo
385 1770 518 1833 spumantia
527 1769 586 1817 lecte
596 1768 719 1832 quotannis

147 1832 301 1897 ,craterasque
312 1834 358 1883 duo
369 1843 469 1882 statuam
480 1834 523 1881 tibi
533 1834 626 1895 pinguis
636 1833 699 1880 olivi.

149 1896 184 1945 Et
194 1899 269 1947 multo
278 1900 302 1946 in
313 1900 394 1962 primis
404 1898 507 1945 hilarans
516 1898 620 1945 conuvia
631 1897 733 1955 Baccho,

149 1963 214 2011 Ante
224 1962 311 2021 focum,
323 1964 343 2011 si
353 1963 426 2026 frigus
437 1964 488 2021 erit,
498 1962 519 2009 si
529 1962 618 2020 messis,
629 1962 654 2008 in
664 1960 758 2023 umbri,
790 1963 835 2017 7⁰·

150 2027 213 2075 Vina
224 2044 311 2075 novum
322 2028 419 2075 fundum
430 2027 633 2075 calathis⁴Ariusia
644 2035 729 2072 nectar.

149 2092 283 2139 Cantabunt
293 2094 353 2140 mihi
363 2092 484 2142 Damoetas
494 2101 518 2138 et
528 2091 627 2154 Lyctius
637 2090 731 2152 AEgoug

149 2157 265 2205 Saltantes
276 2159 370 2221 Satyros
381 2157 510 2203 imitabitur
518 2155 690 2218 Alphesiboeus·

149 2220 209 2269 Haee
219 2222 262 2268 tibi
273 2237 363 2285 semper
374 2228 449 2278 erunt,
459 2228 546 2267 etcum
558 2219 669 2268 sollennia
679 2225 733 2265 vota

149 2285 283 2333 Reddemus
295 2286 423 2350 Nymphis,
435 2294 521 2332 etcum
531 2284 681 2331 lustrabimus
692 2298 766 2343 agroa
788 2284 821 2339 75
877 2317 880 2324 «

148 2348 215 2396 Dum
224 2352 281 2412 juga
292 2351 377 2399 montis
388 2366 451 2413 aper,
462 2349 545 2396 fluvios
556 2349 613 2396 dum
624 2348 694 2411 piscis
705 2348 803 2409 amabit,
838 2351 840 2354 ’

148 2412 262 2475 Dumque
273 2414 354 2477 thymo
364 2422 487 2479 pascentur
496 2428 560 2475 apes,
572 2413 630 2459 dum
641 2428 691 2459 rore
701 2412 793 2470 cicadae,

148 2477 245 2539 Semper
255 2478 328 2525 honos
336 2493 466 2540 nomenque
475 2487 543 2526 tuum
550 2477 677 2539 laudesque
684 2478 824 2527 manebunt.

148 2540 184 2594 Ut
194 2542 286 2591 Baccho
297 2542 429 2606 Cererique,
441 2541 484 2588 tibi
494 2540 590 2588 sicvota
600 2540 723 2603 quotannis

148 2605 265 2670 Agricola
275 2606 380 2664 buente
391 2605 513 2655 damnabis
523 2613 549 2652 tu
561 2619 654 2669 quoque
665 2603 731 2652 votis.
786 2607 821 2653 80
