<?xml version="1.0" encoding="UTF-8"?>
<!DOCTYPE html PUBLIC "-//W3C//DTD XHTML 1.0 Transitional//EN"
    "http://www.w3.org/TR/xhtml1/DTD/xhtml1-transitional.dtd">
<html xmlns="http://www.w3.org/1999/xhtml" xml:lang="en" lang="en">
 <head>
  <title>
</title>
<meta http-equiv="Content-Type" content="text/html;charset=utf-8" />
  <meta name='ocr-system' content='tesseract 3.04.00' />
  <meta name='ocr-capabilities' content='ocr_page ocr_carea ocr_par ocr_line ocrx_word'/>
</head>
<body>
  <div class='ocr_page' id='page_1' title='image "./pvirgiliimaroni21virggoog_0308.png"; bbox 0 0 1892 2917; ppageno 0'>
   <div class='ocr_carea' id='block_1_1' title="bbox 161 83 621 136">
    <p class='ocr_par' dir='ltr' id='par_1_1' title="bbox 161 83 621 136">
     <span class='ocr_line' id='line_1_1' title="bbox 161 83 621 136; baseline -0.002 0"><span class='ocrx_word' id='word_1_1' title='bbox 161 86 210 136; x_wconf 72' lang='lat'>290</span> <span class='ocrx_word' id='word_1_2' title='bbox 375 83 499 135; x_wconf 79' lang='lat' dir='ltr'><strong>AENEIS.</strong></span> <span class='ocrx_word' id='word_1_3' title='bbox 513 83 548 135; x_wconf 76' lang='grc' dir='ltr'>Χ,</span> <span class='ocrx_word' id='word_1_4' title='bbox 567 84 621 135; x_wconf 73' lang='grc'><strong>138.</strong></span> 
     </span>
    </p>
   </div>
   <div class='ocr_carea' id='block_1_2' title="bbox 158 210 844 2661">
    <p class='ocr_par' dir='ltr' id='par_1_2' title="bbox 160 210 836 273">
     <span class='ocr_line' id='line_1_2' title="bbox 160 210 836 273; baseline 0.006 -12"><span class='ocrx_word' id='word_1_5' title='bbox 160 210 264 273; x_wconf 68' lang='lat' dir='ltr'>Asopis,</span> <span class='ocrx_word' id='word_1_6' title='bbox 275 220 299 261; x_wconf 82' lang='lat' dir='ltr'>et</span> <span class='ocrx_word' id='word_1_7' title='bbox 308 211 375 261; x_wconf 86' lang='lat' dir='ltr'>molli</span> <span class='ocrx_word' id='word_1_8' title='bbox 385 215 521 263; x_wconf 78' lang='lat' dir='ltr'>subneotms</span> <span class='ocrx_word' id='word_1_9' title='bbox 530 213 630 263; x_wconf 66' lang='lat' dir='ltr'>mullus</span> <span class='ocrx_word' id='word_1_10' title='bbox 638 227 704 265; x_wconf 70' lang='lat' dir='ltr'>aum</span> <span class='ocrx_word' id='word_1_11' title='bbox 785 212 836 265; x_wconf 70' lang='grc'>130</span> 
     </span>
    </p>

    <p class='ocr_par' dir='ltr' id='par_1_3' title="bbox 161 274 820 344">
     <span class='ocr_line' id='line_1_3' title="bbox 161 274 820 344; baseline 0.008 -21"><span class='ocrx_word' id='word_1_12' title='bbox 161 276 198 324; x_wconf 81' lang='lat' dir='ltr'>Te</span> <span class='ocrx_word' id='word_1_13' title='bbox 209 291 302 340; x_wconf 86' lang='lat' dir='ltr'>quoque</span> <span class='ocrx_word' id='word_1_14' title='bbox 313 274 491 344; x_wconf 75' lang='lat' dir='ltr'>[magnanimae]</span> <span class='ocrx_word' id='word_1_15' title='bbox 502 278 619 338; x_wconf 80' lang='lat' dir='ltr'>viderunt,</span> <span class='ocrx_word' id='word_1_16' title='bbox 630 280 726 337; x_wconf 81' lang='lat' dir='ltr'>Ismare,</span> <span class='ocrx_word' id='word_1_17' title='bbox 736 285 820 342; x_wconf 74' lang='lat' dir='ltr'>gentes</span> 
     </span>
    </p>

    <p class='ocr_par' dir='ltr' id='par_1_4' title="bbox 161 340 836 405">
     <span class='ocr_line' id='line_1_4' title="bbox 161 340 836 405; baseline 0.003 -16"><span class='ocrx_word' id='word_1_18' title='bbox 161 340 267 389; x_wconf 76' lang='lat' dir='ltr'>Vulnera</span> <span class='ocrx_word' id='word_1_19' title='bbox 277 342 384 405; x_wconf 77' lang='lat' dir='ltr'>dirigere,</span> <span class='ocrx_word' id='word_1_20' title='bbox 395 350 419 389; x_wconf 89' lang='lat' dir='ltr'>et</span> <span class='ocrx_word' id='word_1_21' title='bbox 428 343 529 391; x_wconf 79' lang='lat' dir='ltr'>calsmm</span> <span class='ocrx_word' id='word_1_22' title='bbox 540 358 629 391; x_wconf 76' lang='lat' dir='ltr'>armare</span> <span class='ocrx_word' id='word_1_23' title='bbox 639 358 735 404; x_wconf 86' lang='lat' dir='ltr'>veneno,</span> <span class='ocrx_word' id='word_1_24' title='bbox 786 343 836 391; x_wconf 76' lang='lat' dir='ltr'>loo</span> 
     </span>
    </p>

    <p class='ocr_par' dir='ltr' id='par_1_5' title="bbox 161 404 718 472">
     <span class='ocr_line' id='line_1_5' title="bbox 161 404 718 472; baseline 0.005 -19"><span class='ocrx_word' id='word_1_25' title='bbox 161 404 266 453; x_wconf 73' lang='lat' dir='ltr'>Maeonil</span> <span class='ocrx_word' id='word_1_26' title='bbox 275 420 383 469; x_wconf 79' lang='lat' dir='ltr'>generose</span> <span class='ocrx_word' id='word_1_27' title='bbox 394 406 479 463; x_wconf 75' lang='lat' dir='ltr'>dom03</span> <span class='ocrx_word' id='word_1_28' title='bbox 496 408 537 455; x_wconf 89' lang='lat' dir='ltr'>ubi</span> <span class='ocrx_word' id='word_1_29' title='bbox 548 408 645 472; x_wconf 75' lang='lat' dir='ltr'>pinguia</span> <span class='ocrx_word' id='word_1_30' title='bbox 655 408 718 457; x_wconf 86' lang='lat' dir='ltr'>culta</span> 
     </span>
    </p>

    <p class='ocr_par' dir='ltr' id='par_1_6' title="bbox 160 468 712 536">
     <span class='ocr_line' id='line_1_6' title="bbox 160 468 712 536; baseline 0.004 -19"><span class='ocrx_word' id='word_1_31' title='bbox 160 468 323 535; x_wconf 86' lang='lat' dir='ltr'>Exercentque</span> <span class='ocrx_word' id='word_1_32' title='bbox 334 471 385 530; x_wconf 82' lang='lat' dir='ltr'>viri,</span> <span class='ocrx_word' id='word_1_33' title='bbox 397 472 550 535; x_wconf 70' lang='lat' dir='ltr'>Pactolonque</span> <span class='ocrx_word' id='word_1_34' title='bbox 559 472 638 536; x_wconf 77' lang='lat' dir='ltr'>irrigat</span> <span class='ocrx_word' id='word_1_35' title='bbox 649 487 712 520; x_wconf 86' lang='lat' dir='ltr'>euro.</span> 
     </span>
    </p>

    <p class='ocr_par' dir='ltr' id='par_1_7' title="bbox 160 534 781 601">
     <span class='ocr_line' id='line_1_7' title="bbox 160 534 781 601; baseline 0.005 -18"><span class='ocrx_word' id='word_1_36' title='bbox 160 534 241 583; x_wconf 81' lang='lat' dir='ltr'>Affuit</span> <span class='ocrx_word' id='word_1_37' title='bbox 251 545 273 583; x_wconf 89' lang='lat' dir='ltr'>et</span> <span class='ocrx_word' id='word_1_38' title='bbox 285 536 430 593; x_wconf 71' lang='lat' dir='ltr'>Mnestheus,</span> <span class='ocrx_word' id='word_1_39' title='bbox 443 551 513 600; x_wconf 88' lang='lat' dir='ltr'>quem</span> <span class='ocrx_word' id='word_1_40' title='bbox 524 536 586 600; x_wconf 89' lang='lat' dir='ltr'>pulsi</span> <span class='ocrx_word' id='word_1_41' title='bbox 596 537 693 601; x_wconf 86' lang='lat' dir='ltr'>pristina</span> <span class='ocrx_word' id='word_1_42' title='bbox 703 535 781 586; x_wconf 87' lang='lat' dir='ltr'>Turni</span> 
     </span>
    </p>

    <p class='ocr_par' dir='ltr' id='par_1_8' title="bbox 160 599 692 664">
     <span class='ocr_line' id='line_1_8' title="bbox 160 599 692 664; baseline -0.004 -15"><span class='ocrx_word' id='word_1_43' title='bbox 160 599 255 662; x_wconf 80' lang='lat' dir='ltr'>Aggere</span> <span class='ocrx_word' id='word_1_44' title='bbox 266 615 386 647; x_wconf 88' lang='lat' dir='ltr'>murorum</span> <span class='ocrx_word' id='word_1_45' title='bbox 396 600 521 648; x_wconf 81' lang='lat' dir='ltr'>sublimem</span> <span class='ocrx_word' id='word_1_46' title='bbox 531 601 605 664; x_wconf 81' lang='lat' dir='ltr'>gloria</span> <span class='ocrx_word' id='word_1_47' title='bbox 615 601 692 659; x_wconf 79' lang='lat' dir='ltr'>tollit3</span> 
     </span>
    </p>

    <p class='ocr_par' dir='ltr' id='par_1_9' title="bbox 161 663 837 777">
     <span class='ocr_line' id='line_1_9' title="bbox 161 663 837 727; baseline 0.001 -16"><span class='ocrx_word' id='word_1_48' title='bbox 161 663 195 711; x_wconf 85' lang='lat' dir='ltr'>Et</span> <span class='ocrx_word' id='word_1_49' title='bbox 206 665 295 727; x_wconf 68' lang='lat' dir='ltr'>Capyos</span> <span class='ocrx_word' id='word_1_50' title='bbox 307 664 362 711; x_wconf 88' lang='lat' dir='ltr'>hino</span> <span class='ocrx_word' id='word_1_51' title='bbox 372 680 456 712; x_wconf 88' lang='lat' dir='ltr'>nomen</span> <span class='ocrx_word' id='word_1_52' title='bbox 468 666 595 727; x_wconf 77' lang='lat' dir='ltr'>Campanae</span> <span class='ocrx_word' id='word_1_53' title='bbox 605 665 697 713; x_wconf 85' lang='lat' dir='ltr'>ducitur</span> <span class='ocrx_word' id='word_1_54' title='bbox 706 666 768 714; x_wconf 86' lang='lat' dir='ltr'>urbi.</span> <span class='ocrx_word' id='word_1_55' title='bbox 785 666 837 713; x_wconf 80' lang='grc'>145</span> 
     </span>
     <span class='ocr_line' id='line_1_10' title="bbox 194 728 628 777; baseline 0.002 -1"><span class='ocrx_word' id='word_1_56' title='bbox 194 728 235 776; x_wconf 91' lang='lat' dir='ltr'>Illi</span> <span class='ocrx_word' id='word_1_57' title='bbox 245 730 304 775; x_wconf 81' lang='lat' dir='ltr'>inter</span> <span class='ocrx_word' id='word_1_58' title='bbox 315 744 364 777; x_wconf 87' lang='lat' dir='ltr'>sese</span> <span class='ocrx_word' id='word_1_59' title='bbox 374 729 427 775; x_wconf 88' lang='lat' dir='ltr'>duri</span> <span class='ocrx_word' id='word_1_60' title='bbox 437 729 562 777; x_wconf 80' lang='lat' dir='ltr'>certamino</span> <span class='ocrx_word' id='word_1_61' title='bbox 572 730 628 777; x_wconf 89' lang='lat' dir='ltr'>belli</span> 
     </span>
    </p>

    <p class='ocr_par' dir='ltr' id='par_1_10' title="bbox 162 792 773 842">
     <span class='ocr_line' id='line_1_11' title="bbox 162 792 773 842; baseline 0.005 -3"><span class='ocrx_word' id='word_1_62' title='bbox 162 792 328 841; x_wconf 79' lang='lat' dir='ltr'>Contulerant:</span> <span class='ocrx_word' id='word_1_63' title='bbox 346 793 423 841; x_wconf 73' lang='lat' dir='ltr'>medie</span> <span class='ocrx_word' id='word_1_64' title='bbox 432 794 521 841; x_wconf 84' lang='lat' dir='ltr'>AEneus</span> <span class='ocrx_word' id='word_1_65' title='bbox 531 793 590 842; x_wconf 79' lang='lat' dir='ltr'>freta</span> <span class='ocrx_word' id='word_1_66' title='bbox 600 802 666 842; x_wconf 85' lang='lat' dir='ltr'>noete</span> <span class='ocrx_word' id='word_1_67' title='bbox 674 796 773 842; x_wconf 69' lang='lat' dir='ltr'>swabat·</span> 
     </span>
    </p>

    <p class='ocr_par' dir='ltr' id='par_1_11' title="bbox 161 856 826 921">
     <span class='ocr_line' id='line_1_12' title="bbox 161 856 826 921; baseline 0.003 -15"><span class='ocrx_word' id='word_1_68' title='bbox 161 856 272 919; x_wconf 81' lang='lat' dir='ltr'>Namque</span> <span class='ocrx_word' id='word_1_69' title='bbox 282 866 318 916; x_wconf 65' lang='lat' dir='ltr'>ut,</span> <span class='ocrx_word' id='word_1_70' title='bbox 329 859 359 906; x_wconf 92' lang='lat' dir='ltr'>ab</span> <span class='ocrx_word' id='word_1_71' title='bbox 370 858 483 906; x_wconf 80' lang='lat' dir='ltr'>Eusnclro</span> <span class='ocrx_word' id='word_1_72' title='bbox 492 858 571 906; x_wconf 88' lang='lat' dir='ltr'>castris</span> <span class='ocrx_word' id='word_1_73' title='bbox 581 858 697 921; x_wconf 82' lang='lat' dir='ltr'>ingressus</span> <span class='ocrx_word' id='word_1_74' title='bbox 706 858 826 918; x_wconf 83' lang='lat' dir='ltr'>Etruscis,</span> 
     </span>
    </p>

    <p class='ocr_par' dir='ltr' id='par_1_12' title="bbox 161 920 835 987">
     <span class='ocr_line' id='line_1_13' title="bbox 161 920 835 987; baseline 0.004 -19"><span class='ocrx_word' id='word_1_75' title='bbox 161 920 252 983; x_wconf 81' lang='lat' dir='ltr'>Regem</span> <span class='ocrx_word' id='word_1_76' title='bbox 263 922 320 980; x_wconf 81' lang='lat' dir='ltr'>edit,</span> <span class='ocrx_word' id='word_1_77' title='bbox 332 932 355 971; x_wconf 91' lang='lat' dir='ltr'>et</span> <span class='ocrx_word' id='word_1_78' title='bbox 365 922 414 985; x_wconf 80' lang='lat' dir='ltr'>regi</span> <span class='ocrx_word' id='word_1_79' title='bbox 423 932 538 971; x_wconf 79' lang='lat' dir='ltr'>memoret</span> <span class='ocrx_word' id='word_1_80' title='bbox 550 938 682 987; x_wconf 83' lang='lat' dir='ltr'>nomenque</span> <span class='ocrx_word' id='word_1_81' title='bbox 692 938 835 987; x_wconf 82' lang='lat' dir='ltr'>genusque;</span> 
     </span>
    </p>

    <p class='ocr_par' dir='ltr' id='par_1_13' title="bbox 161 985 806 1051">
     <span class='ocr_line' id='line_1_14' title="bbox 161 985 806 1051; baseline 0.006 -18"><span class='ocrx_word' id='word_1_82' title='bbox 161 985 255 1043; x_wconf 86' lang='lat' dir='ltr'>Quidve</span> <span class='ocrx_word' id='word_1_83' title='bbox 265 996 336 1048; x_wconf 84' lang='lat' dir='ltr'>petat,</span> <span class='ocrx_word' id='word_1_84' title='bbox 348 987 433 1051; x_wconf 89' lang='lat' dir='ltr'>quidve</span> <span class='ocrx_word' id='word_1_85' title='bbox 443 987 492 1049; x_wconf 90' lang='lat' dir='ltr'>ipse</span> <span class='ocrx_word' id='word_1_86' title='bbox 502 988 576 1045; x_wconf 62' lang='lat' dir='ltr'>ieram</span> <span class='ocrx_word' id='word_1_87' title='bbox 594 987 726 1035; x_wconf 71' lang='lat' dir='ltr'>Mezentius</span> <span class='ocrx_word' id='word_1_88' title='bbox 736 1003 806 1037; x_wconf 78' lang='lat' dir='ltr'>armo</span> 
     </span>
    </p>

    <p class='ocr_par' dir='ltr' id='par_1_14' title="bbox 161 1049 835 1116">
     <span class='ocr_line' id='line_1_15' title="bbox 161 1049 835 1116; baseline 0.007 -20"><span class='ocrx_word' id='word_1_89' title='bbox 161 1049 225 1108; x_wconf 81' lang='lat' dir='ltr'>Quae</span> <span class='ocrx_word' id='word_1_90' title='bbox 236 1050 280 1100; x_wconf 83' lang='lat' dir='ltr'>sini</span> <span class='ocrx_word' id='word_1_91' title='bbox 291 1052 403 1109; x_wconf 73' lang='lat' dir='ltr'>conciliet,</span> <span class='ocrx_word' id='word_1_92' title='bbox 414 1051 560 1116; x_wconf 87' lang='lat' dir='ltr'>violentaque</span> <span class='ocrx_word' id='word_1_93' title='bbox 570 1061 662 1115; x_wconf 83' lang='lat' dir='ltr'>pectore</span> <span class='ocrx_word' id='word_1_94' title='bbox 672 1052 758 1111; x_wconf 80' lang='lat' dir='ltr'>Turni,</span> <span class='ocrx_word' id='word_1_95' title='bbox 788 1052 835 1101; x_wconf 89' lang='grc'>151</span> 
     </span>
    </p>

    <p class='ocr_par' dir='ltr' id='par_1_15' title="bbox 158 1112 675 1179">
     <span class='ocr_line' id='line_1_16' title="bbox 158 1112 675 1179; baseline 0.006 -18"><span class='ocrx_word' id='word_1_96' title='bbox 158 1112 262 1169; x_wconf 72' lang='grc' dir='ltr'><strong>Εᾱοοεῑς</strong></span> <span class='ocrx_word' id='word_1_97' title='bbox 280 1114 389 1163; x_wconf 79' lang='lat' dir='ltr'>humenis</span> <span class='ocrx_word' id='word_1_98' title='bbox 399 1130 453 1179; x_wconf 77' lang='lat' dir='ltr'>que</span> <span class='ocrx_word' id='word_1_99' title='bbox 463 1116 493 1163; x_wconf 88' lang='lat' dir='ltr'>sit</span> <span class='ocrx_word' id='word_1_100' title='bbox 503 1116 588 1164; x_wconf 83' lang='lat' dir='ltr'>fiducia</span> <span class='ocrx_word' id='word_1_101' title='bbox 597 1118 675 1176; x_wconf 86' lang='lat' dir='ltr'>rebus,</span> 
     </span>
    </p>

    <p class='ocr_par' dir='ltr' id='par_1_16' title="bbox 160 1178 839 1289">
     <span class='ocr_line' id='line_1_17' title="bbox 160 1178 839 1289; baseline 0.009 -64"><span class='ocrx_word' id='word_1_102' title='bbox 160 1178 291 1289; x_wconf 63' lang='lat' dir='ltr'>Admonqt,</span> <span class='ocrx_word' id='word_1_103' title='bbox 311 1180 471 1243; x_wconf 80' lang='lat' dir='ltr'>immiscetque</span> <span class='ocrx_word' id='word_1_104' title='bbox 491 1196 574 1244; x_wconf 82' lang='lat' dir='ltr'>preses.</span> <span class='ocrx_word' id='word_1_105' title='bbox 608 1181 683 1229; x_wconf 83' lang='lat' dir='ltr'>Haud</span> <span class='ocrx_word' id='word_1_106' title='bbox 704 1180 732 1229; x_wconf 83' lang='lat' dir='ltr'>iit</span> <span class='ocrx_word' id='word_1_107' title='bbox 751 1194 839 1239; x_wconf 77' lang='lat' dir='ltr'>mors5</span> 
     </span>
    </p>

    <p class='ocr_par' dir='ltr' id='par_1_17' title="bbox 217 1244 351 1292">
     <span class='ocr_line' id='line_1_18' title="bbox 217 1244 351 1292; baseline 0.015 -2"><span class='ocrx_word' id='word_1_108' title='bbox 217 1284 221 1290; x_wconf 88' lang='lat'><em>.</em></span> <span class='ocrx_word' id='word_1_109' title='bbox 283 1244 351 1292; x_wconf 79' lang='lat' dir='ltr'>archo</span> 
     </span>
    </p>

    <p class='ocr_par' dir='ltr' id='par_1_18' title="bbox 160 1306 732 1373">
     <span class='ocr_line' id='line_1_19' title="bbox 160 1306 732 1373; baseline 0.005 -19"><span class='ocrx_word' id='word_1_110' title='bbox 160 1306 247 1371; x_wconf 85' lang='lat' dir='ltr'>Jungit</span> <span class='ocrx_word' id='word_1_111' title='bbox 257 1323 320 1372; x_wconf 85' lang='lat' dir='ltr'>opes,</span> <span class='ocrx_word' id='word_1_112' title='bbox 331 1308 451 1373; x_wconf 84' lang='lat' dir='ltr'>foedusque</span> <span class='ocrx_word' id='word_1_113' title='bbox 461 1309 529 1367; x_wconf 84' lang='lat' dir='ltr'>ferit;</span> <span class='ocrx_word' id='word_1_114' title='bbox 546 1318 598 1359; x_wconf 90' lang='lat' dir='ltr'>tum</span> <span class='ocrx_word' id='word_1_115' title='bbox 608 1310 681 1359; x_wconf 88' lang='lat' dir='ltr'>libere</span> <span class='ocrx_word' id='word_1_116' title='bbox 688 1309 732 1357; x_wconf 74' lang='lat' dir='ltr'>seu*</span> 
     </span>
    </p>

    <p class='ocr_par' dir='ltr' id='par_1_19' title="bbox 161 1371 838 1438">
     <span class='ocr_line' id='line_1_20' title="bbox 161 1371 838 1438; baseline 0 -18"><span class='ocrx_word' id='word_1_117' title='bbox 161 1371 264 1421; x_wconf 88' lang='lat' dir='ltr'>Classem</span> <span class='ocrx_word' id='word_1_118' title='bbox 275 1373 404 1421; x_wconf 83' lang='lat' dir='ltr'>mnscendit</span> <span class='ocrx_word' id='word_1_119' title='bbox 412 1374 483 1434; x_wconf 86' lang='lat' dir='ltr'>jussis</span> <span class='ocrx_word' id='word_1_120' title='bbox 494 1389 551 1436; x_wconf 80' lang='lat' dir='ltr'>gens</span> <span class='ocrx_word' id='word_1_121' title='bbox 561 1374 638 1438; x_wconf 72' lang='lat' dir='ltr'>hydis</span> <span class='ocrx_word' id='word_1_122' title='bbox 648 1374 746 1435; x_wconf 79' lang='lat' dir='ltr'>Divom,</span> <span class='ocrx_word' id='word_1_123' title='bbox 784 1374 838 1428; x_wconf 82' lang='grc'>155</span> 
     </span>
    </p>

    <p class='ocr_par' dir='ltr' id='par_1_20' title="bbox 160 1436 665 1503">
     <span class='ocr_line' id='line_1_21' title="bbox 160 1436 665 1503; baseline 0.006 -19"><span class='ocrx_word' id='word_1_124' title='bbox 160 1436 265 1485; x_wconf 81' lang='lat' dir='ltr'>Externo</span> <span class='ocrx_word' id='word_1_125' title='bbox 276 1438 397 1485; x_wconf 88' lang='lat' dir='ltr'>commissa</span> <span class='ocrx_word' id='word_1_126' title='bbox 406 1438 466 1488; x_wconf 86' lang='lat' dir='ltr'>duci.</span> <span class='ocrx_word' id='word_1_127' title='bbox 484 1440 570 1487; x_wconf 79' lang='lat' dir='ltr'>AEneia</span> <span class='ocrx_word' id='word_1_128' title='bbox 579 1439 665 1503; x_wconf 86' lang='lat' dir='ltr'>puppis</span> 
     </span>
    </p>

    <p class='ocr_par' dir='ltr' id='par_1_21' title="bbox 161 1501 767 1566">
     <span class='ocr_line' id='line_1_22' title="bbox 161 1501 767 1566; baseline -0.003 -15"><span class='ocrx_word' id='word_1_129' title='bbox 161 1501 242 1551; x_wconf 86' lang='lat' dir='ltr'>Prims</span> <span class='ocrx_word' id='word_1_130' title='bbox 252 1510 322 1561; x_wconf 88' lang='lat' dir='ltr'>tenet,</span> <span class='ocrx_word' id='word_1_131' title='bbox 333 1510 406 1550; x_wconf 89' lang='lat' dir='ltr'>rostro</span> <span class='ocrx_word' id='word_1_132' title='bbox 418 1502 533 1566; x_wconf 81' lang='lat' dir='ltr'>Phrygios</span> <span class='ocrx_word' id='word_1_133' title='bbox 542 1505 666 1565; x_wconf 78' lang='lat' dir='ltr'>subjuncta</span> <span class='ocrx_word' id='word_1_134' title='bbox 674 1503 767 1551; x_wconf 79' lang='lat' dir='ltr'>leonese</span> 
     </span>
    </p>

    <p class='ocr_par' dir='ltr' id='par_1_22' title="bbox 161 1565 793 1631">
     <span class='ocr_line' id='line_1_23' title="bbox 161 1565 793 1631; baseline 0.005 -18"><span class='ocrx_word' id='word_1_135' title='bbox 161 1565 274 1613; x_wconf 83' lang='lat' dir='ltr'>Imminet</span> <span class='ocrx_word' id='word_1_136' title='bbox 285 1566 329 1614; x_wconf 83' lang='lat' dir='ltr'>Ida</span> <span class='ocrx_word' id='word_1_137' title='bbox 340 1581 417 1629; x_wconf 86' lang='lat' dir='ltr'>super,</span> <span class='ocrx_word' id='word_1_138' title='bbox 429 1567 535 1631; x_wconf 78' lang='lat' dir='ltr'>profugis</span> <span class='ocrx_word' id='word_1_139' title='bbox 544 1568 677 1631; x_wconf 75' lang='lat' dir='ltr'>gratissime</span> <span class='ocrx_word' id='word_1_140' title='bbox 684 1566 793 1616; x_wconf 81' lang='lat' dir='ltr'>Teneris·</span> 
     </span>
    </p>

    <p class='ocr_par' dir='ltr' id='par_1_23' title="bbox 162 1629 736 1697">
     <span class='ocr_line' id='line_1_24' title="bbox 162 1629 736 1697; baseline 0.007 -20"><span class='ocrx_word' id='word_1_141' title='bbox 162 1629 212 1677; x_wconf 84' lang='lat' dir='ltr'>Hic</span> <span class='ocrx_word' id='word_1_142' title='bbox 222 1646 321 1693; x_wconf 82' lang='lat' dir='ltr'>magnus</span> <span class='ocrx_word' id='word_1_143' title='bbox 331 1630 394 1679; x_wconf 87' lang='lat' dir='ltr'>sedet</span> <span class='ocrx_word' id='word_1_144' title='bbox 404 1631 501 1689; x_wconf 82' lang='lat' dir='ltr'>AEneas,</span> <span class='ocrx_word' id='word_1_145' title='bbox 512 1648 637 1697; x_wconf 89' lang='lat' dir='ltr'>secumque</span> <span class='ocrx_word' id='word_1_146' title='bbox 647 1633 736 1681; x_wconf 84' lang='lat' dir='ltr'>volutat</span> 
     </span>
    </p>

    <p class='ocr_par' dir='ltr' id='par_1_24' title="bbox 161 1692 840 1759">
     <span class='ocr_line' id='line_1_25' title="bbox 161 1692 840 1759; baseline 0.001 -18"><span class='ocrx_word' id='word_1_147' title='bbox 161 1692 266 1742; x_wconf 85' lang='lat' dir='ltr'>Eventus</span> <span class='ocrx_word' id='word_1_148' title='bbox 276 1694 332 1743; x_wconf 88' lang='lat' dir='ltr'>belli</span> <span class='ocrx_word' id='word_1_149' title='bbox 342 1695 432 1751; x_wconf 66' lang='lat' dir='ltr'>verium</span> <span class='ocrx_word' id='word_1_150' title='bbox 450 1695 583 1759; x_wconf 74' lang='lat' dir='ltr'>Pallasque,</span> <span class='ocrx_word' id='word_1_151' title='bbox 594 1697 686 1745; x_wconf 64' lang='lat' dir='ltr'>sinmtro</span> <span class='ocrx_word' id='word_1_152' title='bbox 786 1695 840 1743; x_wconf 86' lang='grc'>160</span> 
     </span>
    </p>

    <p class='ocr_par' dir='ltr' id='par_1_25' title="bbox 161 1757 676 1823">
     <span class='ocr_line' id='line_1_26' title="bbox 161 1757 676 1823; baseline 0.006 -18"><span class='ocrx_word' id='word_1_153' title='bbox 161 1757 256 1806; x_wconf 84' lang='lat' dir='ltr'>Affixus</span> <span class='ocrx_word' id='word_1_154' title='bbox 266 1759 340 1819; x_wconf 81' lang='lat' dir='ltr'>lateri,</span> <span class='ocrx_word' id='word_1_155' title='bbox 350 1761 400 1822; x_wconf 79' lang='lat' dir='ltr'>jem</span> <span class='ocrx_word' id='word_1_156' title='bbox 411 1760 494 1823; x_wconf 75' lang='lat' dir='ltr'>quaerit</span> <span class='ocrx_word' id='word_1_157' title='bbox 504 1761 586 1821; x_wconf 85' lang='lat' dir='ltr'>sidera,</span> <span class='ocrx_word' id='word_1_158' title='bbox 598 1776 676 1823; x_wconf 77' lang='lat' dir='ltr'>opaca</span> 
     </span>
    </p>

    <p class='ocr_par' dir='ltr' id='par_1_26' title="bbox 161 1821 838 1953">
     <span class='ocr_line' id='line_1_27' title="bbox 161 1821 758 1888; baseline 0.003 -19"><span class='ocrx_word' id='word_1_159' title='bbox 161 1821 244 1870; x_wconf 89' lang='lat' dir='ltr'>Noctis</span> <span class='ocrx_word' id='word_1_160' title='bbox 253 1823 305 1883; x_wconf 83' lang='lat' dir='ltr'>iter,</span> <span class='ocrx_word' id='word_1_161' title='bbox 315 1825 365 1884; x_wconf 84' lang='lat' dir='ltr'>jem</span> <span class='ocrx_word' id='word_1_162' title='bbox 376 1839 429 1887; x_wconf 85' lang='lat' dir='ltr'>quae</span> <span class='ocrx_word' id='word_1_163' title='bbox 439 1840 520 1887; x_wconf 85' lang='lat' dir='ltr'>possus</span> <span class='ocrx_word' id='word_1_164' title='bbox 530 1825 636 1888; x_wconf 67' lang='lat' dir='ltr'>terrisque</span> <span class='ocrx_word' id='word_1_165' title='bbox 645 1824 758 1888; x_wconf 83' lang='lat' dir='ltr'>marique.</span> 
     </span>
     <span class='ocr_line' id='line_1_28' title="bbox 194 1887 838 1953; baseline 0.005 -19"><span class='ocrx_word' id='word_1_166' title='bbox 194 1887 293 1935; x_wconf 77' lang='lat' dir='ltr'>Pandite</span> <span class='ocrx_word' id='word_1_167' title='bbox 303 1903 366 1935; x_wconf 90' lang='lat' dir='ltr'>nuno</span> <span class='ocrx_word' id='word_1_168' title='bbox 376 1889 499 1949; x_wconf 87' lang='lat' dir='ltr'>Helicona,</span> <span class='ocrx_word' id='word_1_169' title='bbox 511 1889 577 1949; x_wconf 72' lang='lat' dir='ltr'>Dee,</span> <span class='ocrx_word' id='word_1_170' title='bbox 588 1899 717 1953; x_wconf 87' lang='lat' dir='ltr'>cantusque</span> <span class='ocrx_word' id='word_1_171' title='bbox 726 1896 838 1946; x_wconf 74' lang='lat' dir='ltr'>movete3</span> 
     </span>
    </p>

    <p class='ocr_par' dir='ltr' id='par_1_27' title="bbox 161 1951 735 2010">
     <span class='ocr_line' id='line_1_29' title="bbox 161 1951 735 2010; baseline 0.005 -12"><span class='ocrx_word' id='word_1_172' title='bbox 161 1951 224 2010; x_wconf 77' lang='lat' dir='ltr'>Quce</span> <span class='ocrx_word' id='word_1_173' title='bbox 234 1967 318 1999; x_wconf 81' lang='lat' dir='ltr'>manus</span> <span class='ocrx_word' id='word_1_174' title='bbox 328 1953 415 2001; x_wconf 77' lang='lat' dir='ltr'>interea</span> <span class='ocrx_word' id='word_1_175' title='bbox 425 1953 509 2001; x_wconf 80' lang='lat' dir='ltr'>Tuscis</span> <span class='ocrx_word' id='word_1_176' title='bbox 519 1954 640 2001; x_wconf 85' lang='lat' dir='ltr'>comitetur</span> <span class='ocrx_word' id='word_1_177' title='bbox 649 1956 680 2001; x_wconf 91' lang='lat' dir='ltr'>ab</span> <span class='ocrx_word' id='word_1_178' title='bbox 689 1953 735 2002; x_wconf 88' lang='lat' dir='ltr'>oris</span> 
     </span>
    </p>

    <p class='ocr_par' dir='ltr' id='par_1_28' title="bbox 161 2016 842 2147">
     <span class='ocr_line' id='line_1_30' title="bbox 161 2016 842 2081; baseline 0.007 -16"><span class='ocrx_word' id='word_1_179' title='bbox 161 2016 263 2073; x_wconf 79' lang='lat' dir='ltr'>AEnesn,</span> <span class='ocrx_word' id='word_1_180' title='bbox 275 2026 394 2080; x_wconf 84' lang='lat' dir='ltr'>armetque</span> <span class='ocrx_word' id='word_1_181' title='bbox 402 2026 470 2075; x_wconf 77' lang='lat' dir='ltr'>rates,</span> <span class='ocrx_word' id='word_1_182' title='bbox 480 2018 609 2081; x_wconf 77' lang='lat' dir='ltr'>pdagoque</span> <span class='ocrx_word' id='word_1_183' title='bbox 618 2018 721 2065; x_wconf 82' lang='lat' dir='ltr'>vehatur·</span> <span class='ocrx_word' id='word_1_184' title='bbox 787 2020 842 2071; x_wconf 78' lang='lat'>165</span> 
     </span>
     <span class='ocr_line' id='line_1_31' title="bbox 194 2080 776 2147; baseline 0.007 -20"><span class='ocrx_word' id='word_1_185' title='bbox 194 2080 309 2129; x_wconf 79' lang='lat' dir='ltr'>Massicus</span> <span class='ocrx_word' id='word_1_186' title='bbox 320 2082 390 2129; x_wconf 70' lang='lat' dir='ltr'>erati</span> <span class='ocrx_word' id='word_1_187' title='bbox 400 2082 507 2145; x_wconf 88' lang='lat' dir='ltr'>prinoeps</span> <span class='ocrx_word' id='word_1_188' title='bbox 517 2092 577 2131; x_wconf 73' lang='lat' dir='ltr'>meat</span> <span class='ocrx_word' id='word_1_189' title='bbox 587 2098 680 2146; x_wconf 76' lang='lat' dir='ltr'>equora</span> <span class='ocrx_word' id='word_1_190' title='bbox 690 2082 776 2147; x_wconf 77' lang='lat' dir='ltr'>Tigri,</span> 
     </span>
    </p>

    <p class='ocr_par' dir='ltr' id='par_1_29' title="bbox 161 2145 811 2211">
     <span class='ocr_line' id='line_1_32' title="bbox 161 2145 811 2211; baseline 0.006 -19"><span class='ocrx_word' id='word_1_191' title='bbox 161 2145 213 2193; x_wconf 84' lang='lat' dir='ltr'>Sub</span> <span class='ocrx_word' id='word_1_192' title='bbox 224 2160 271 2207; x_wconf 91' lang='lat' dir='ltr'>quo</span> <span class='ocrx_word' id='word_1_193' title='bbox 281 2145 347 2209; x_wconf 84' lang='lat' dir='ltr'>mille</span> <span class='ocrx_word' id='word_1_194' title='bbox 357 2159 440 2194; x_wconf 86' lang='lat' dir='ltr'>manus</span> <span class='ocrx_word' id='word_1_195' title='bbox 448 2148 572 2207; x_wconf 85' lang='lat' dir='ltr'>juvenum,</span> <span class='ocrx_word' id='word_1_196' title='bbox 583 2147 625 2211; x_wconf 91' lang='lat' dir='ltr'>qui</span> <span class='ocrx_word' id='word_1_197' title='bbox 635 2147 720 2195; x_wconf 77' lang='lat' dir='ltr'>monia</span> <span class='ocrx_word' id='word_1_198' title='bbox 730 2147 811 2207; x_wconf 84' lang='lat' dir='ltr'>Clusi,</span> 
     </span>
    </p>

    <p class='ocr_par' dir='ltr' id='par_1_30' title="bbox 162 2209 800 2276">
     <span class='ocr_line' id='line_1_33' title="bbox 162 2209 800 2276; baseline 0.008 -21"><span class='ocrx_word' id='word_1_199' title='bbox 162 2209 258 2272; x_wconf 88' lang='lat' dir='ltr'>Quique</span> <span class='ocrx_word' id='word_1_200' title='bbox 269 2212 351 2259; x_wconf 84' lang='lat' dir='ltr'>urbem</span> <span class='ocrx_word' id='word_1_201' title='bbox 361 2210 450 2273; x_wconf 74' lang='lat' dir='ltr'>liquere</span> <span class='ocrx_word' id='word_1_202' title='bbox 461 2211 548 2273; x_wconf 86' lang='lat' dir='ltr'>Coses;</span> <span class='ocrx_word' id='word_1_203' title='bbox 565 2212 632 2275; x_wconf 85' lang='lat' dir='ltr'>queis</span> <span class='ocrx_word' id='word_1_204' title='bbox 643 2212 689 2259; x_wconf 85' lang='lat' dir='ltr'>tela</span> <span class='ocrx_word' id='word_1_205' title='bbox 697 2212 800 2276; x_wconf 61' lang='lat' dir='ltr'>sagitta,</span> 
     </span>
    </p>

    <p class='ocr_par' dir='ltr' id='par_1_31' title="bbox 163 2273 682 2336">
     <span class='ocr_line' id='line_1_34' title="bbox 163 2273 682 2336; baseline 0.01 -16"><span class='ocrx_word' id='word_1_206' title='bbox 163 2273 289 2336; x_wconf 83' lang='lat' dir='ltr'>Corytique</span> <span class='ocrx_word' id='word_1_207' title='bbox 299 2273 360 2321; x_wconf 82' lang='lat' dir='ltr'>leves</span> <span class='ocrx_word' id='word_1_208' title='bbox 371 2274 482 2335; x_wconf 86' lang='lat' dir='ltr'>humeris,</span> <span class='ocrx_word' id='word_1_209' title='bbox 490 2285 514 2323; x_wconf 88' lang='lat' dir='ltr'>et</span> <span class='ocrx_word' id='word_1_210' title='bbox 524 2276 599 2324; x_wconf 83' lang='lat' dir='ltr'>letifer</span> <span class='ocrx_word' id='word_1_211' title='bbox 608 2290 682 2325; x_wconf 68' lang='lat' dir='ltr'>meus.</span> 
     </span>
    </p>

    <p class='ocr_par' dir='ltr' id='par_1_32' title="bbox 161 2336 844 2403">
     <span class='ocr_line' id='line_1_35' title="bbox 161 2336 844 2403; baseline 0.01 -19"><span class='ocrx_word' id='word_1_212' title='bbox 161 2336 217 2385; x_wconf 73' lang='lat' dir='ltr'>Uni</span> <span class='ocrx_word' id='word_1_213' title='bbox 227 2346 305 2385; x_wconf 83' lang='lat' dir='ltr'>mrvus</span> <span class='ocrx_word' id='word_1_214' title='bbox 315 2340 397 2385; x_wconf 80' lang='lat' dir='ltr'>Abas:</span> <span class='ocrx_word' id='word_1_215' title='bbox 413 2339 469 2387; x_wconf 86' lang='lat' dir='ltr'>huic</span> <span class='ocrx_word' id='word_1_216' title='bbox 480 2348 555 2388; x_wconf 85' lang='lat' dir='ltr'>totum</span> <span class='ocrx_word' id='word_1_217' title='bbox 564 2341 694 2403; x_wconf 75' lang='lat' dir='ltr'>insignibus</span> <span class='ocrx_word' id='word_1_218' title='bbox 703 2340 776 2390; x_wconf 83' lang='lat' dir='ltr'>annis</span> <span class='ocrx_word' id='word_1_219' title='bbox 788 2342 844 2398; x_wconf 78' lang='lat'>170</span> 
     </span>
    </p>

    <p class='ocr_par' dir='ltr' id='par_1_33' title="bbox 161 2401 730 2469">
     <span class='ocr_line' id='line_1_36' title="bbox 161 2401 730 2469; baseline 0.009 -20"><span class='ocrx_word' id='word_1_220' title='bbox 161 2401 266 2463; x_wconf 81' lang='lat' dir='ltr'>Agmen,</span> <span class='ocrx_word' id='word_1_221' title='bbox 278 2411 300 2449; x_wconf 88' lang='lat' dir='ltr'>et</span> <span class='ocrx_word' id='word_1_222' title='bbox 310 2412 390 2449; x_wconf 83' lang='lat' dir='ltr'>surato</span> <span class='ocrx_word' id='word_1_223' title='bbox 400 2402 505 2465; x_wconf 69' lang='lat' dir='ltr'>fulgebat</span> <span class='ocrx_word' id='word_1_224' title='bbox 515 2405 627 2468; x_wconf 89' lang='lat' dir='ltr'>Apolline</span> <span class='ocrx_word' id='word_1_225' title='bbox 636 2405 730 2469; x_wconf 83' lang='lat' dir='ltr'>puppis.</span> 
     </span>
    </p>

    <p class='ocr_par' dir='ltr' id='par_1_34' title="bbox 162 2466 659 2531">
     <span class='ocr_line' id='line_1_37' title="bbox 162 2466 659 2531; baseline 0.016 -21"><span class='ocrx_word' id='word_1_226' title='bbox 162 2466 286 2514; x_wconf 77' lang='lat' dir='ltr'>Sescentos</span> <span class='ocrx_word' id='word_1_227' title='bbox 296 2466 331 2513; x_wconf 92' lang='lat' dir='ltr'>illi</span> <span class='ocrx_word' id='word_1_228' title='bbox 341 2466 434 2515; x_wconf 85' lang='lat' dir='ltr'>dederat</span> <span class='ocrx_word' id='word_1_229' title='bbox 444 2468 576 2531; x_wconf 86' lang='lat' dir='ltr'>Populonia</span> <span class='ocrx_word' id='word_1_230' title='bbox 585 2477 659 2518; x_wconf 86' lang='lat' dir='ltr'>meter</span> 
     </span>
    </p>

    <p class='ocr_par' dir='ltr' id='par_1_35' title="bbox 161 2527 714 2594">
     <span class='ocr_line' id='line_1_38' title="bbox 161 2527 714 2594; baseline 0.013 -17"><span class='ocrx_word' id='word_1_231' title='bbox 161 2527 278 2592; x_wconf 80' lang='lat' dir='ltr'>Expertos</span> <span class='ocrx_word' id='word_1_232' title='bbox 289 2529 344 2577; x_wconf 89' lang='lat' dir='ltr'>belli</span> <span class='ocrx_word' id='word_1_233' title='bbox 352 2532 463 2590; x_wconf 78' lang='lat' dir='ltr'>juvenes:</span> <span class='ocrx_word' id='word_1_234' title='bbox 480 2541 518 2581; x_wconf 85' lang='lat' dir='ltr'>ast</span> <span class='ocrx_word' id='word_1_235' title='bbox 527 2534 581 2581; x_wconf 78' lang='lat' dir='ltr'>Ilve</span> <span class='ocrx_word' id='word_1_236' title='bbox 594 2542 714 2594; x_wconf 72' lang='lat' dir='ltr'>neamus,</span> 
     </span>
    </p>

    <p class='ocr_par' dir='ltr' id='par_1_36' title="bbox 162 2592 777 2661">
     <span class='ocr_line' id='line_1_39' title="bbox 162 2592 777 2661; baseline 0.02 -23"><span class='ocrx_word' id='word_1_237' title='bbox 162 2592 245 2640; x_wconf 84' lang='lat' dir='ltr'>Insuls</span> <span class='ocrx_word' id='word_1_238' title='bbox 254 2592 396 2645; x_wconf 66' lang='lat' dir='ltr'>mansurus</span> <span class='ocrx_word' id='word_1_239' title='bbox 407 2595 541 2659; x_wconf 71' lang='lat' dir='ltr'>Chalybum</span> <span class='ocrx_word' id='word_1_240' title='bbox 550 2612 660 2661; x_wconf 65' lang='lat' dir='ltr'>genero·</span> <span class='ocrx_word' id='word_1_241' title='bbox 668 2599 777 2650; x_wconf 72' lang='lat' dir='ltr'>moute</span> 
     </span>
    </p>
   </div>
   <div class='ocr_carea' id='block_1_3' title="bbox 0 0 954 2917">
    <p class='ocr_par' dir='ltr' id='par_1_37' title="bbox 0 0 954 2917">
     <span class='ocr_line' id='line_1_40' title="bbox 0 0 954 2917; baseline 0 0"><span class='ocrx_word' id='word_1_242' title='bbox 0 0 954 2917; x_wconf 95' lang='lat' dir='ltr'> </span> 
     </span>
    </p>
   </div>
  </div>
 </body>
</html>
