<?xml version="1.0" encoding="UTF-8"?>
<!DOCTYPE html PUBLIC "-//W3C//DTD XHTML 1.0 Transitional//EN"
    "http://www.w3.org/TR/xhtml1/DTD/xhtml1-transitional.dtd">
<html xmlns="http://www.w3.org/1999/xhtml" xml:lang="en" lang="en">
 <head>
  <title>
</title>
<meta http-equiv="Content-Type" content="text/html;charset=utf-8" />
  <meta name='ocr-system' content='tesseract 3.04.00' />
  <meta name='ocr-capabilities' content='ocr_page ocr_carea ocr_par ocr_line ocrx_word'/>
</head>
<body>
  <div class='ocr_page' id='page_1' title='image "./pvirgiliimaroni21virggoog_0309.png"; bbox 0 0 1892 2917; ppageno 0'>
   <div class='ocr_carea' id='block_1_1' title="bbox 336 96 794 154">
    <p class='ocr_par' dir='ltr' id='par_1_1' title="bbox 336 96 794 154">
     <span class='ocr_line' id='line_1_1' title="bbox 336 96 794 154; baseline -0.007 -5"><span class='ocrx_word' id='word_1_1' title='bbox 336 96 458 149; x_wconf 76' lang='lat' dir='ltr'><strong>AENEIS.</strong></span> <span class='ocrx_word' id='word_1_2' title='bbox 476 99 509 148; x_wconf 85' lang='grc' dir='ltr'>Χ.</span> <span class='ocrx_word' id='word_1_3' title='bbox 528 98 582 154; x_wconf 73' lang='lat'>175.</span> <span class='ocrx_word' id='word_1_4' title='bbox 746 96 794 146; x_wconf 69' lang='lat'>29⁰</span> 
     </span>
    </p>
   </div>
   <div class='ocr_carea' id='block_1_2' title="bbox 122 223 822 2683">
    <p class='ocr_par' dir='ltr' id='par_1_2' title="bbox 122 223 795 409">
     <span class='ocr_line' id='line_1_2' title="bbox 124 223 783 291; baseline -0.011 -12"><span class='ocrx_word' id='word_1_5' title='bbox 124 226 228 289; x_wconf 71' lang='lat' dir='ltr'>Tertius,</span> <span class='ocrx_word' id='word_1_6' title='bbox 237 229 277 278; x_wconf 89' lang='lat' dir='ltr'>ills</span> <span class='ocrx_word' id='word_1_7' title='bbox 286 229 409 277; x_wconf 80' lang='lat' dir='ltr'>hominum</span> <span class='ocrx_word' id='word_1_8' title='bbox 421 228 557 291; x_wconf 81' lang='lat' dir='ltr'>Divimqne</span> <span class='ocrx_word' id='word_1_9' title='bbox 566 229 677 291; x_wconf 70' lang='lat' dir='ltr'>interpres</span> <span class='ocrx_word' id='word_1_10' title='bbox 687 223 783 287; x_wconf 80' lang='lat' dir='ltr'>Asylas,</span> 
     </span>
     <span class='ocr_line' id='line_1_3' title="bbox 122 288 795 409; baseline -0.012 -66"><span class='ocrx_word' id='word_1_11' title='bbox 122 296 183 409; x_wconf 38' lang='lat' dir='ltr'>&amp;Cui</span> <span class='ocrx_word' id='word_1_12' title='bbox 192 294 309 358; x_wconf 82' lang='lat' dir='ltr'>pecudum</span> <span class='ocrx_word' id='word_1_13' title='bbox 320 294 392 352; x_wconf 77' lang='lat' dir='ltr'>fibrae,</span> <span class='ocrx_word' id='word_1_14' title='bbox 404 294 454 341; x_wconf 75' lang='lat' dir='ltr'>cuii</span> <span class='ocrx_word' id='word_1_15' title='bbox 465 293 502 340; x_wconf 86' lang='lat' dir='ltr'>cui</span> <span class='ocrx_word' id='word_1_16' title='bbox 513 293 586 340; x_wconf 87' lang='lat' dir='ltr'>sidera</span> <span class='ocrx_word' id='word_1_17' title='bbox 596 299 685 355; x_wconf 83' lang='lat' dir='ltr'>parent,</span> <span class='ocrx_word' id='word_1_18' title='bbox 749 288 795 344; x_wconf 81' lang='grc'><strong>176</strong></span> 
     </span>
    </p>

    <p class='ocr_par' dir='ltr' id='par_1_3' title="bbox 124 353 739 552">
     <span class='ocr_line' id='line_1_4' title="bbox 147 353 738 423; baseline -0.007 -16"><span class='ocrx_word' id='word_1_19' title='bbox 147 368 156 407; x_wconf 85' lang='lat' dir='ltr'>t</span> <span class='ocrx_word' id='word_1_20' title='bbox 166 360 253 423; x_wconf 79' lang='lat' dir='ltr'>linguae</span> <span class='ocrx_word' id='word_1_21' title='bbox 263 360 392 418; x_wconf 70' lang='lat' dir='ltr'>uolucrum,</span> <span class='ocrx_word' id='word_1_22' title='bbox 404 368 427 405; x_wconf 81' lang='lat' dir='ltr'>et</span> <span class='ocrx_word' id='word_1_23' title='bbox 437 358 533 421; x_wconf 75' lang='lat' dir='ltr'>prasagi</span> <span class='ocrx_word' id='word_1_24' title='bbox 544 356 650 404; x_wconf 80' lang='lat' dir='ltr'>fulminis</span> <span class='ocrx_word' id='word_1_25' title='bbox 660 353 738 418; x_wconf 81' lang='lat' dir='ltr'>ignes)</span> 
     </span>
     <span class='ocr_line' id='line_1_5' title="bbox 124 420 739 488; baseline -0.008 -16"><span class='ocrx_word' id='word_1_26' title='bbox 124 425 195 473; x_wconf 92' lang='lat' dir='ltr'>Mille</span> <span class='ocrx_word' id='word_1_27' title='bbox 205 425 266 488; x_wconf 80' lang='lat' dir='ltr'>rapit</span> <span class='ocrx_word' id='word_1_28' title='bbox 276 424 357 471; x_wconf 82' lang='lat' dir='ltr'>densos</span> <span class='ocrx_word' id='word_1_29' title='bbox 367 422 415 471; x_wconf 79' lang='lat' dir='ltr'>seia</span> <span class='ocrx_word' id='word_1_30' title='bbox 426 431 496 487; x_wconf 83' lang='lat' dir='ltr'>etque</span> <span class='ocrx_word' id='word_1_31' title='bbox 505 422 651 469; x_wconf 75' lang='lat' dir='ltr'>horrentibus</span> <span class='ocrx_word' id='word_1_32' title='bbox 660 420 739 467; x_wconf 83' lang='lat' dir='ltr'>hastis.</span> 
     </span>
     <span class='ocr_line' id='line_1_6' title="bbox 124 486 686 552; baseline -0.007 -15"><span class='ocrx_word' id='word_1_33' title='bbox 124 490 177 537; x_wconf 91' lang='lat' dir='ltr'>Hos</span> <span class='ocrx_word' id='word_1_34' title='bbox 187 504 266 552; x_wconf 83' lang='lat' dir='ltr'>perere</span> <span class='ocrx_word' id='word_1_35' title='bbox 274 490 357 550; x_wconf 85' lang='lat' dir='ltr'>jubent</span> <span class='ocrx_word' id='word_1_36' title='bbox 366 487 468 551; x_wconf 78' lang='lat' dir='ltr'>Alphea</span> <span class='ocrx_word' id='word_1_37' title='bbox 478 487 508 534; x_wconf 86' lang='lat' dir='ltr'>ab</span> <span class='ocrx_word' id='word_1_38' title='bbox 518 486 606 547; x_wconf 81' lang='lat' dir='ltr'>origine</span> <span class='ocrx_word' id='word_1_39' title='bbox 618 486 686 541; x_wconf 78' lang='lat' dir='ltr'>Pisae,</span> 
     </span>
    </p>

    <p class='ocr_par' dir='ltr' id='par_1_4' title="bbox 123 549 796 809">
     <span class='ocr_line' id='line_1_7' title="bbox 123 549 762 615; baseline -0.008 -14"><span class='ocrx_word' id='word_1_40' title='bbox 123 554 188 601; x_wconf 87' lang='lat' dir='ltr'>Urbs</span> <span class='ocrx_word' id='word_1_41' title='bbox 199 554 297 601; x_wconf 87' lang='lat' dir='ltr'>Etrusca</span> <span class='ocrx_word' id='word_1_42' title='bbox 308 552 363 601; x_wconf 82' lang='lat' dir='ltr'>solo.</span> <span class='ocrx_word' id='word_1_43' title='bbox 379 552 490 615; x_wconf 82' lang='lat' dir='ltr'>Sequitur</span> <span class='ocrx_word' id='word_1_44' title='bbox 500 551 668 614; x_wconf 75' lang='lat' dir='ltr'>pulcherrimus</span> <span class='ocrx_word' id='word_1_45' title='bbox 678 549 762 604; x_wconf 86' lang='lat' dir='ltr'>Astur,</span> 
     </span>
     <span class='ocr_line' id='line_1_8' title="bbox 123 611 793 681; baseline -0.012 -15"><span class='ocrx_word' id='word_1_46' title='bbox 123 618 200 666; x_wconf 90' lang='lat' dir='ltr'>Astur</span> <span class='ocrx_word' id='word_1_47' title='bbox 211 632 270 681; x_wconf 85' lang='lat' dir='ltr'>equo</span> <span class='ocrx_word' id='word_1_48' title='bbox 277 617 350 665; x_wconf 84' lang='lat' dir='ltr'>fidens</span> <span class='ocrx_word' id='word_1_49' title='bbox 361 625 383 664; x_wconf 87' lang='lat' dir='ltr'>et</span> <span class='ocrx_word' id='word_1_50' title='bbox 391 614 563 665; x_wconf 74' lang='lat' dir='ltr'>versicoloribus</span> <span class='ocrx_word' id='word_1_51' title='bbox 573 615 650 662; x_wconf 84' lang='lat' dir='ltr'>armis.</span> <span class='ocrx_word' id='word_1_52' title='bbox 749 611 793 658; x_wconf 86' lang='grc'>181</span> 
     </span>
     <span class='ocr_line' id='line_1_9' title="bbox 125 674 796 745; baseline -0.01 -16"><span class='ocrx_word' id='word_1_53' title='bbox 125 680 267 730; x_wconf 74' lang='lat' dir='ltr'>Tercentum</span> <span class='ocrx_word' id='word_1_54' title='bbox 277 682 397 743; x_wconf 76' lang='lat' dir='ltr'>adjiciunt,</span> <span class='ocrx_word' id='word_1_55' title='bbox 411 682 488 745; x_wconf 88' lang='lat' dir='ltr'>(mens</span> <span class='ocrx_word' id='word_1_56' title='bbox 499 680 607 727; x_wconf 91' lang='lat' dir='ltr'>omnibus</span> <span class='ocrx_word' id='word_1_57' title='bbox 617 694 664 726; x_wconf 83' lang='lat' dir='ltr'>una</span> <span class='ocrx_word' id='word_1_58' title='bbox 674 674 796 741; x_wconf 81' lang='lat' dir='ltr'>sequendi)</span> 
     </span>
     <span class='ocr_line' id='line_1_10' title="bbox 124 744 715 809; baseline -0.005 -16"><span class='ocrx_word' id='word_1_59' title='bbox 124 747 175 806; x_wconf 86' lang='lat' dir='ltr'>Qui</span> <span class='ocrx_word' id='word_1_60' title='bbox 186 748 274 795; x_wconf 66' lang='lat' dir='ltr'>Caerete</span> <span class='ocrx_word' id='word_1_61' title='bbox 283 746 361 806; x_wconf 89' lang='lat' dir='ltr'>domn,</span> <span class='ocrx_word' id='word_1_62' title='bbox 370 746 411 809; x_wconf 92' lang='lat' dir='ltr'>qui</span> <span class='ocrx_word' id='word_1_63' title='bbox 422 754 477 793; x_wconf 90' lang='lat' dir='ltr'>aunt</span> <span class='ocrx_word' id='word_1_64' title='bbox 487 744 601 792; x_wconf 79' lang='lat' dir='ltr'>Minionis</span> <span class='ocrx_word' id='word_1_65' title='bbox 611 744 635 789; x_wconf 91' lang='lat' dir='ltr'>in</span> <span class='ocrx_word' id='word_1_66' title='bbox 647 744 715 801; x_wconf 87' lang='lat' dir='ltr'>arvis,</span> 
     </span>
    </p>

    <p class='ocr_par' dir='ltr' id='par_1_5' title="bbox 125 809 684 875">
     <span class='ocr_line' id='line_1_11' title="bbox 125 809 684 875; baseline -0.007 -16"><span class='ocrx_word' id='word_1_67' title='bbox 125 812 160 860; x_wconf 87' lang='lat' dir='ltr'>Et</span> <span class='ocrx_word' id='word_1_68' title='bbox 172 812 245 875; x_wconf 81' lang='lat' dir='ltr'>Pyrgi</span> <span class='ocrx_word' id='word_1_69' title='bbox 256 820 350 868; x_wconf 80' lang='lat' dir='ltr'>veteres,</span> <span class='ocrx_word' id='word_1_70' title='bbox 362 810 550 873; x_wconf 75' lang='lat' dir='ltr'>intempestaeque</span> <span class='ocrx_word' id='word_1_71' title='bbox 560 809 684 856; x_wconf 78' lang='lat' dir='ltr'>vaiscae.</span> 
     </span>
    </p>

    <p class='ocr_par' dir='ltr' id='par_1_6' title="bbox 126 871 798 1519">
     <span class='ocr_line' id='line_1_12' title="bbox 159 871 798 939; baseline -0.009 -15"><span class='ocrx_word' id='word_1_72' title='bbox 159 877 215 924; x_wconf 94' lang='lat' dir='ltr'>Non</span> <span class='ocrx_word' id='word_1_73' title='bbox 226 890 268 939; x_wconf 78' lang='lat' dir='ltr'>ego</span> <span class='ocrx_word' id='word_1_74' title='bbox 279 884 309 935; x_wconf 79' lang='lat' dir='ltr'>te,</span> <span class='ocrx_word' id='word_1_75' title='bbox 319 875 435 938; x_wconf 76' lang='lat' dir='ltr'>Ligunim</span> <span class='ocrx_word' id='word_1_76' title='bbox 446 874 527 922; x_wconf 80' lang='lat' dir='ltr'>ductor</span> <span class='ocrx_word' id='word_1_77' title='bbox 536 872 658 920; x_wconf 81' lang='lat' dir='ltr'>fortissime</span> <span class='ocrx_word' id='word_1_78' title='bbox 667 872 737 930; x_wconf 87' lang='lat' dir='ltr'>bello,</span> <span class='ocrx_word' id='word_1_79' title='bbox 751 871 798 918; x_wconf 72' lang='lat'>185</span> 
     </span>
     <span class='ocr_line' id='line_1_13' title="bbox 127 938 745 1003; baseline -0.006 -15"><span class='ocrx_word' id='word_1_80' title='bbox 127 940 279 999; x_wconf 84' lang='lat' dir='ltr'>Transierim,</span> <span class='ocrx_word' id='word_1_81' title='bbox 291 940 385 1003; x_wconf 79' lang='lat' dir='ltr'>Cinyra,</span> <span class='ocrx_word' id='word_1_82' title='bbox 398 948 421 986; x_wconf 86' lang='lat' dir='ltr'>et</span> <span class='ocrx_word' id='word_1_83' title='bbox 432 939 511 1001; x_wconf 80' lang='lat' dir='ltr'>paucis</span> <span class='ocrx_word' id='word_1_84' title='bbox 521 938 628 985; x_wconf 79' lang='lat' dir='ltr'>comitate</span> <span class='ocrx_word' id='word_1_85' title='bbox 639 938 745 1000; x_wconf 68' lang='lat' dir='ltr'>Cupauo,</span> 
     </span>
     <span class='ocr_line' id='line_1_14' title="bbox 126 1003 655 1067; baseline -0.009 -13"><span class='ocrx_word' id='word_1_86' title='bbox 126 1006 202 1065; x_wconf 85' lang='lat' dir='ltr'>Cujus</span> <span class='ocrx_word' id='word_1_87' title='bbox 212 1005 305 1054; x_wconf 73' lang='lat' dir='ltr'>olorinae</span> <span class='ocrx_word' id='word_1_88' title='bbox 316 1013 413 1067; x_wconf 83' lang='lat' dir='ltr'>surgunt</span> <span class='ocrx_word' id='word_1_89' title='bbox 423 1003 452 1051; x_wconf 88' lang='lat' dir='ltr'>de</span> <span class='ocrx_word' id='word_1_90' title='bbox 464 1003 547 1051; x_wconf 83' lang='lat' dir='ltr'>vertice</span> <span class='ocrx_word' id='word_1_91' title='bbox 556 1018 655 1065; x_wconf 67' lang='lat' dir='ltr'>pennae</span> 
     </span>
     <span class='ocr_line' id='line_1_15' title="bbox 127 1064 797 1131; baseline -0.007 -14"><span class='ocrx_word' id='word_1_92' title='bbox 127 1068 235 1131; x_wconf 88' lang='lat' dir='ltr'>[Crimen</span> <span class='ocrx_word' id='word_1_93' title='bbox 243 1084 309 1117; x_wconf 90' lang='lat' dir='ltr'>amor</span> <span class='ocrx_word' id='word_1_94' title='bbox 319 1077 429 1127; x_wconf 69' lang='lat' dir='ltr'>sennim,</span> <span class='ocrx_word' id='word_1_95' title='bbox 440 1067 567 1129; x_wconf 75' lang='lat' dir='ltr'>formaque</span> <span class='ocrx_word' id='word_1_96' title='bbox 577 1067 666 1129; x_wconf 73' lang='lat' dir='ltr'>insigne</span> <span class='ocrx_word' id='word_1_97' title='bbox 676 1064 797 1130; x_wconf 74' lang='lat' dir='ltr'>patarum]</span> 
     </span>
     <span class='ocr_line' id='line_1_16' title="bbox 126 1130 780 1197; baseline -0.006 -16"><span class='ocrx_word' id='word_1_98' title='bbox 126 1134 238 1197; x_wconf 81' lang='lat' dir='ltr'>Namque</span> <span class='ocrx_word' id='word_1_99' title='bbox 248 1134 334 1193; x_wconf 81' lang='lat' dir='ltr'>ferunt,</span> <span class='ocrx_word' id='word_1_100' title='bbox 346 1134 410 1181; x_wconf 82' lang='lat' dir='ltr'>luctu</span> <span class='ocrx_word' id='word_1_101' title='bbox 422 1133 529 1195; x_wconf 83' lang='lat' dir='ltr'>Cycnum</span> <span class='ocrx_word' id='word_1_102' title='bbox 539 1131 690 1179; x_wconf 67' lang='lat' dir='ltr'>Phaitlrontis</span> <span class='ocrx_word' id='word_1_103' title='bbox 700 1130 780 1189; x_wconf 81' lang='lat' dir='ltr'>amati,</span> 
     </span>
     <span class='ocr_line' id='line_1_17' title="bbox 127 1195 798 1261; baseline -0.004 -15"><span class='ocrx_word' id='word_1_104' title='bbox 127 1198 243 1261; x_wconf 88' lang='lat' dir='ltr'>Populess</span> <span class='ocrx_word' id='word_1_105' title='bbox 252 1198 312 1246; x_wconf 76' lang='lat' dir='ltr'>inter</span> <span class='ocrx_word' id='word_1_106' title='bbox 321 1198 414 1245; x_wconf 83' lang='lat' dir='ltr'>frondes</span> <span class='ocrx_word' id='word_1_107' title='bbox 425 1198 579 1259; x_wconf 76' lang='lat' dir='ltr'>umbramque</span> <span class='ocrx_word' id='word_1_108' title='bbox 589 1211 693 1244; x_wconf 88' lang='lat' dir='ltr'>sororum</span> <span class='ocrx_word' id='word_1_109' title='bbox 751 1195 798 1243; x_wconf 82' lang='grc'><strong>1911</strong></span> 
     </span>
     <span class='ocr_line' id='line_1_18' title="bbox 126 1261 732 1321; baseline -0.005 -12"><span class='ocrx_word' id='word_1_110' title='bbox 126 1261 195 1309; x_wconf 89' lang='lat' dir='ltr'>Dum</span> <span class='ocrx_word' id='word_1_111' title='bbox 206 1262 275 1321; x_wconf 83' lang='lat' dir='ltr'>canit,</span> <span class='ocrx_word' id='word_1_112' title='bbox 287 1271 310 1311; x_wconf 88' lang='lat' dir='ltr'>et</span> <span class='ocrx_word' id='word_1_113' title='bbox 320 1271 429 1311; x_wconf 89' lang='lat' dir='ltr'>moestum</span> <span class='ocrx_word' id='word_1_114' title='bbox 441 1261 514 1308; x_wconf 72' lang='lat' dir='ltr'>Musis</span> <span class='ocrx_word' id='word_1_115' title='bbox 525 1262 611 1308; x_wconf 87' lang='lat' dir='ltr'>solatur</span> <span class='ocrx_word' id='word_1_116' title='bbox 621 1274 732 1317; x_wconf 86' lang='lat' dir='ltr'>amorem,</span> 
     </span>
     <span class='ocr_line' id='line_1_19' title="bbox 128 1326 661 1390; baseline -0.006 -15"><span class='ocrx_word' id='word_1_117' title='bbox 128 1326 256 1375; x_wconf 75' lang='lat' dir='ltr'>Canentem</span> <span class='ocrx_word' id='word_1_118' title='bbox 267 1327 334 1373; x_wconf 87' lang='lat' dir='ltr'>molli</span> <span class='ocrx_word' id='word_1_119' title='bbox 343 1326 425 1390; x_wconf 79' lang='lat' dir='ltr'>plumd</span> <span class='ocrx_word' id='word_1_120' title='bbox 435 1326 528 1373; x_wconf 70' lang='lat' dir='ltr'>duxisse</span> <span class='ocrx_word' id='word_1_121' title='bbox 538 1334 661 1381; x_wconf 73' lang='lat' dir='ltr'>senectam,</span> 
     </span>
     <span class='ocr_line' id='line_1_20' title="bbox 127 1390 712 1453; baseline -0.007 -15"><span class='ocrx_word' id='word_1_122' title='bbox 127 1391 284 1453; x_wconf 77' lang='lat' dir='ltr'>Linqueutam</span> <span class='ocrx_word' id='word_1_123' title='bbox 296 1400 375 1449; x_wconf 83' lang='lat' dir='ltr'>terras,</span> <span class='ocrx_word' id='word_1_124' title='bbox 387 1400 410 1437; x_wconf 89' lang='lat' dir='ltr'>et</span> <span class='ocrx_word' id='word_1_125' title='bbox 421 1390 495 1438; x_wconf 76' lang='lat' dir='ltr'>sidera</span> <span class='ocrx_word' id='word_1_126' title='bbox 505 1406 561 1438; x_wconf 82' lang='lat' dir='ltr'>soce</span> <span class='ocrx_word' id='word_1_127' title='bbox 570 1398 712 1451; x_wconf 84' lang='lat' dir='ltr'>sequentem.</span> 
     </span>
     <span class='ocr_line' id='line_1_21' title="bbox 128 1452 657 1519; baseline -0.002 -17"><span class='ocrx_word' id='word_1_128' title='bbox 128 1452 213 1513; x_wconf 79' lang='lat' dir='ltr'>Filius,</span> <span class='ocrx_word' id='word_1_129' title='bbox 225 1456 324 1519; x_wconf 74' lang='lat' dir='ltr'>aquales</span> <span class='ocrx_word' id='word_1_130' title='bbox 334 1454 456 1502; x_wconf 86' lang='lat' dir='ltr'>oomitstua</span> <span class='ocrx_word' id='word_1_131' title='bbox 466 1455 538 1502; x_wconf 79' lang='lat' dir='ltr'>elatae</span> <span class='ocrx_word' id='word_1_132' title='bbox 547 1462 657 1510; x_wconf 85' lang='lat' dir='ltr'>catervas,</span> 
     </span>
    </p>

    <p class='ocr_par' dir='ltr' id='par_1_7' title="bbox 128 1517 798 1712">
     <span class='ocr_line' id='line_1_22' title="bbox 128 1517 798 1583; baseline -0.004 -15"><span class='ocrx_word' id='word_1_133' title='bbox 128 1520 252 1583; x_wconf 83' lang='lat' dir='ltr'>Ingentem</span> <span class='ocrx_word' id='word_1_134' title='bbox 263 1520 333 1567; x_wconf 82' lang='lat' dir='ltr'>remia</span> <span class='ocrx_word' id='word_1_135' title='bbox 342 1519 485 1567; x_wconf 80' lang='lat' dir='ltr'>Centaurum</span> <span class='ocrx_word' id='word_1_136' title='bbox 495 1528 629 1582; x_wconf 67' lang='lat' dir='ltr'>promovet:</span> <span class='ocrx_word' id='word_1_137' title='bbox 646 1518 687 1564; x_wconf 87' lang='lat' dir='ltr'>ille</span> <span class='ocrx_word' id='word_1_138' title='bbox 751 1517 798 1565; x_wconf 81' lang='lat' dir='ltr'>lto</span> 
     </span>
     <span class='ocr_line' id='line_1_23' title="bbox 128 1582 736 1648; baseline -0.007 -15"><span class='ocrx_word' id='word_1_139' title='bbox 128 1585 205 1633; x_wconf 86' lang='lat' dir='ltr'>Instat</span> <span class='ocrx_word' id='word_1_140' title='bbox 215 1600 290 1648; x_wconf 76' lang='lat' dir='ltr'>aqua,</span> <span class='ocrx_word' id='word_1_141' title='bbox 302 1598 431 1647; x_wconf 84' lang='lat' dir='ltr'>saxumque</span> <span class='ocrx_word' id='word_1_142' title='bbox 441 1583 510 1631; x_wconf 88' lang='lat' dir='ltr'>undis</span> <span class='ocrx_word' id='word_1_143' title='bbox 520 1584 624 1630; x_wconf 84' lang='lat' dir='ltr'>immane</span> <span class='ocrx_word' id='word_1_144' title='bbox 632 1582 736 1629; x_wconf 85' lang='lat' dir='ltr'>minatur</span> 
     </span>
     <span class='ocr_line' id='line_1_24' title="bbox 128 1646 670 1712; baseline -0.007 -15"><span class='ocrx_word' id='word_1_145' title='bbox 128 1648 235 1706; x_wconf 84' lang='lat' dir='ltr'>Arduus,</span> <span class='ocrx_word' id='word_1_146' title='bbox 247 1658 270 1696; x_wconf 90' lang='lat' dir='ltr'>et</span> <span class='ocrx_word' id='word_1_147' title='bbox 279 1649 350 1712; x_wconf 71' lang='lat' dir='ltr'>longi</span> <span class='ocrx_word' id='word_1_148' title='bbox 361 1648 434 1697; x_wconf 81' lang='lat' dir='ltr'>suloat</span> <span class='ocrx_word' id='word_1_149' title='bbox 444 1648 519 1695; x_wconf 82' lang='lat' dir='ltr'>maria</span> <span class='ocrx_word' id='word_1_150' title='bbox 528 1647 576 1695; x_wconf 85' lang='lat' dir='ltr'>aits</span> <span class='ocrx_word' id='word_1_151' title='bbox 585 1646 670 1695; x_wconf 72' lang='lat' dir='ltr'>earini.</span> 
     </span>
    </p>

    <p class='ocr_par' dir='ltr' id='par_1_8' title="bbox 129 1705 800 2099">
     <span class='ocr_line' id='line_1_25' title="bbox 162 1705 744 1777; baseline -0.002 -18"><span class='ocrx_word' id='word_1_152' title='bbox 162 1713 207 1759; x_wconf 86' lang='lat' dir='ltr'>lile</span> <span class='ocrx_word' id='word_1_153' title='bbox 218 1713 286 1760; x_wconf 85' lang='lat' dir='ltr'>etiam</span> <span class='ocrx_word' id='word_1_154' title='bbox 297 1712 376 1777; x_wconf 83' lang='lat' dir='ltr'>patriis</span> <span class='ocrx_word' id='word_1_155' title='bbox 386 1724 470 1775; x_wconf 80' lang='lat' dir='ltr'>agmen</span> <span class='ocrx_word' id='word_1_156' title='bbox 476 1712 525 1761; x_wconf 28' lang='lat' dir='ltr'>‘ciet</span> <span class='ocrx_word' id='word_1_157' title='bbox 537 1711 619 1761; x_wconf 79' lang='lat' dir='ltr'>Ocnus</span> <span class='ocrx_word' id='word_1_158' title='bbox 629 1712 659 1759; x_wconf 90' lang='lat' dir='ltr'>ab</span> <span class='ocrx_word' id='word_1_159' title='bbox 669 1710 723 1769; x_wconf 89' lang='lat' dir='ltr'>oris,</span> <span class='ocrx_word' id='word_1_160' title='bbox 735 1705 744 1718; x_wconf 78' lang='lat'><strong><em>‘</em></strong></span> 
     </span>
     <span class='ocr_line' id='line_1_26' title="bbox 129 1774 800 1835; baseline -0.004 -10"><span class='ocrx_word' id='word_1_161' title='bbox 129 1775 240 1825; x_wconf 74' lang='lat' dir='ltr'>Faeucae</span> <span class='ocrx_word' id='word_1_162' title='bbox 251 1776 347 1825; x_wconf 79' lang='lat' dir='ltr'>Mentis</span> <span class='ocrx_word' id='word_1_163' title='bbox 358 1786 381 1825; x_wconf 86' lang='lat' dir='ltr'>et</span> <span class='ocrx_word' id='word_1_164' title='bbox 392 1777 464 1824; x_wconf 73' lang='lat' dir='ltr'>Tusci</span> <span class='ocrx_word' id='word_1_165' title='bbox 475 1776 536 1824; x_wconf 84' lang='lat' dir='ltr'>filius</span> <span class='ocrx_word' id='word_1_166' title='bbox 547 1777 630 1835; x_wconf 87' lang='lat' dir='ltr'>amnis,</span> <span class='ocrx_word' id='word_1_167' title='bbox 739 1774 800 1823; x_wconf 76' lang='grc'><strong>’199</strong></span> 
     </span>
     <span class='ocr_line' id='line_1_27' title="bbox 129 1840 776 1906; baseline -0.005 -17"><span class='ocrx_word' id='word_1_168' title='bbox 129 1841 181 1899; x_wconf 90' lang='lat' dir='ltr'>Qui</span> <span class='ocrx_word' id='word_1_169' title='bbox 191 1854 269 1889; x_wconf 88' lang='lat' dir='ltr'>muros</span> <span class='ocrx_word' id='word_1_170' title='bbox 279 1842 404 1906; x_wconf 86' lang='lat' dir='ltr'>matrisque</span> <span class='ocrx_word' id='word_1_171' title='bbox 414 1840 478 1889; x_wconf 84' lang='lat' dir='ltr'>dedit</span> <span class='ocrx_word' id='word_1_172' title='bbox 488 1840 540 1899; x_wconf 86' lang='lat' dir='ltr'>tibi,</span> <span class='ocrx_word' id='word_1_173' title='bbox 552 1842 662 1899; x_wconf 88' lang='lat' dir='ltr'>Mantus,</span> <span class='ocrx_word' id='word_1_174' title='bbox 673 1854 758 1887; x_wconf 85' lang='lat' dir='ltr'>nomen</span> <span class='ocrx_word' id='word_1_175' title='bbox 768 1854 776 1895; x_wconf 69' lang='grc' dir='ltr'><strong>ς</strong></span> 
     </span>
     <span class='ocr_line' id='line_1_28' title="bbox 129 1906 799 1969; baseline -0.006 -16"><span class='ocrx_word' id='word_1_176' title='bbox 129 1906 233 1953; x_wconf 83' lang='lat' dir='ltr'>Mantus</span> <span class='ocrx_word' id='word_1_177' title='bbox 242 1906 305 1954; x_wconf 85' lang='lat' dir='ltr'>dives</span> <span class='ocrx_word' id='word_1_178' title='bbox 315 1907 363 1954; x_wconf 84' lang='lat' dir='ltr'>evis</span> <span class='ocrx_word' id='word_1_179' title='bbox 373 1924 380 1954; x_wconf 78' lang='lat' dir='ltr'>e</span> <span class='ocrx_word' id='word_1_180' title='bbox 397 1907 437 1953; x_wconf 90' lang='lat' dir='ltr'>sed</span> <span class='ocrx_word' id='word_1_181' title='bbox 448 1920 495 1953; x_wconf 89' lang='lat' dir='ltr'>non</span> <span class='ocrx_word' id='word_1_182' title='bbox 505 1920 579 1969; x_wconf 86' lang='lat' dir='ltr'>genus</span> <span class='ocrx_word' id='word_1_183' title='bbox 589 1906 697 1954; x_wconf 90' lang='lat' dir='ltr'>omnibus</span> <span class='ocrx_word' id='word_1_184' title='bbox 706 1918 799 1961; x_wconf 72' lang='lat' dir='ltr'>unum3</span> 
     </span>
     <span class='ocr_line' id='line_1_29' title="bbox 129 1969 703 2035; baseline -0.005 -17"><span class='ocrx_word' id='word_1_185' title='bbox 129 1970 194 2019; x_wconf 85' lang='lat' dir='ltr'>Gens</span> <span class='ocrx_word' id='word_1_186' title='bbox 205 1970 240 2017; x_wconf 89' lang='lat' dir='ltr'>illi</span> <span class='ocrx_word' id='word_1_187' title='bbox 250 1971 343 2035; x_wconf 83' lang='lat' dir='ltr'>triplex,</span> <span class='ocrx_word' id='word_1_188' title='bbox 355 1971 436 2034; x_wconf 90' lang='lat' dir='ltr'>populi</span> <span class='ocrx_word' id='word_1_189' title='bbox 447 1972 490 2018; x_wconf 83' lang='lat' dir='ltr'>sub</span> <span class='ocrx_word' id='word_1_190' title='bbox 503 1980 572 2033; x_wconf 81' lang='lat' dir='ltr'>gente</span> <span class='ocrx_word' id='word_1_191' title='bbox 582 1969 703 2033; x_wconf 83' lang='lat' dir='ltr'>quaterni:</span> 
     </span>
     <span class='ocr_line' id='line_1_30' title="bbox 129 2033 715 2099; baseline -0.003 -16"><span class='ocrx_word' id='word_1_192' title='bbox 129 2035 186 2097; x_wconf 81' lang='lat' dir='ltr'>ipsa</span> <span class='ocrx_word' id='word_1_193' title='bbox 196 2043 266 2099; x_wconf 86' lang='lat' dir='ltr'>ceput</span> <span class='ocrx_word' id='word_1_194' title='bbox 275 2036 382 2099; x_wconf 71' lang='lat' dir='ltr'>populis,</span> <span class='ocrx_word' id='word_1_195' title='bbox 401 2036 479 2083; x_wconf 78' lang='lat' dir='ltr'>Tusoo</span> <span class='ocrx_word' id='word_1_196' title='bbox 490 2035 518 2082; x_wconf 90' lang='lat' dir='ltr'>de</span> <span class='ocrx_word' id='word_1_197' title='bbox 529 2034 640 2097; x_wconf 77' lang='lat' dir='ltr'>sangiune</span> <span class='ocrx_word' id='word_1_198' title='bbox 650 2033 715 2081; x_wconf 85' lang='lat' dir='ltr'>vires.</span> 
     </span>
    </p>

    <p class='ocr_par' dir='ltr' id='par_1_9' title="bbox 130 2100 809 2292">
     <span class='ocr_line' id='line_1_31' title="bbox 130 2100 752 2164; baseline -0.003 -17"><span class='ocrx_word' id='word_1_199' title='bbox 130 2100 194 2149; x_wconf 87' lang='lat' dir='ltr'>Hinc</span> <span class='ocrx_word' id='word_1_200' title='bbox 204 2114 298 2164; x_wconf 87' lang='lat' dir='ltr'>quoque</span> <span class='ocrx_word' id='word_1_201' title='bbox 308 2100 446 2163; x_wconf 78' lang='lat' dir='ltr'>quingentos</span> <span class='ocrx_word' id='word_1_202' title='bbox 455 2102 482 2147; x_wconf 91' lang='lat' dir='ltr'>in</span> <span class='ocrx_word' id='word_1_203' title='bbox 492 2115 517 2147; x_wconf 89' lang='lat' dir='ltr'>se</span> <span class='ocrx_word' id='word_1_204' title='bbox 527 2100 659 2147; x_wconf 77' lang='lat' dir='ltr'>Mezentius</span> <span class='ocrx_word' id='word_1_205' title='bbox 669 2104 752 2157; x_wconf 78' lang='lat' dir='ltr'>amat,</span> 
     </span>
     <span class='ocr_line' id='line_1_32' title="bbox 130 2162 809 2228; baseline -0.004 -16"><span class='ocrx_word' id='word_1_206' title='bbox 130 2164 206 2223; x_wconf 86' lang='lat' dir='ltr'>Quos,</span> <span class='ocrx_word' id='word_1_207' title='bbox 217 2174 282 2228; x_wconf 85' lang='lat' dir='ltr'>patre</span> <span class='ocrx_word' id='word_1_208' title='bbox 293 2163 394 2223; x_wconf 86' lang='lat' dir='ltr'>Bensoo,</span> <span class='ocrx_word' id='word_1_209' title='bbox 404 2165 492 2212; x_wconf 84' lang='lat' dir='ltr'>velatus</span> <span class='ocrx_word' id='word_1_210' title='bbox 503 2165 616 2212; x_wconf 91' lang='lat' dir='ltr'>arundine</span> <span class='ocrx_word' id='word_1_211' title='bbox 626 2163 718 2227; x_wconf 77' lang='lat' dir='ltr'>glsued,</span> <span class='ocrx_word' id='word_1_212' title='bbox 752 2162 809 2209; x_wconf 62' lang='lat' dir='ltr'>M</span> 
     </span>
     <span class='ocr_line' id='line_1_33' title="bbox 131 2228 653 2292; baseline -0.004 -15"><span class='ocrx_word' id='word_1_213' title='bbox 131 2228 236 2277; x_wconf 80' lang='lat' dir='ltr'>Mincius</span> <span class='ocrx_word' id='word_1_214' title='bbox 246 2229 331 2279; x_wconf 83' lang='lat' dir='ltr'>infestis</span> <span class='ocrx_word' id='word_1_215' title='bbox 341 2230 439 2277; x_wconf 83' lang='lat' dir='ltr'>ducebat</span> <span class='ocrx_word' id='word_1_216' title='bbox 449 2229 472 2276; x_wconf 93' lang='lat' dir='ltr'>in</span> <span class='ocrx_word' id='word_1_217' title='bbox 479 2233 578 2292; x_wconf 75' lang='lat' dir='ltr'>&#39;equora</span> <span class='ocrx_word' id='word_1_218' title='bbox 587 2229 653 2292; x_wconf 90' lang='lat' dir='ltr'>pinu.</span> 
     </span>
    </p>

    <p class='ocr_par' dir='ltr' id='par_1_10' title="bbox 130 2292 822 2683">
     <span class='ocr_line' id='line_1_34' title="bbox 164 2292 822 2357; baseline -0.002 -16"><span class='ocrx_word' id='word_1_219' title='bbox 164 2293 188 2341; x_wconf 90' lang='lat' dir='ltr'>It</span> <span class='ocrx_word' id='word_1_220' title='bbox 197 2294 273 2357; x_wconf 83' lang='lat' dir='ltr'>gravis</span> <span class='ocrx_word' id='word_1_221' title='bbox 284 2296 400 2354; x_wconf 81' lang='lat' dir='ltr'>Aulestes,</span> <span class='ocrx_word' id='word_1_222' title='bbox 411 2294 554 2357; x_wconf 71' lang='lat' dir='ltr'>cantarique</span> <span class='ocrx_word' id='word_1_223' title='bbox 563 2295 644 2343; x_wconf 83' lang='lat' dir='ltr'>arbore</span> <span class='ocrx_word' id='word_1_224' title='bbox 653 2292 738 2341; x_wconf 82' lang='lat' dir='ltr'>fluetus</span> <span class='ocrx_word' id='word_1_225' title='bbox 817 2339 822 2349; x_wconf 56' lang='lat'><em>„</em></span> 
     </span>
     <span class='ocr_line' id='line_1_35' title="bbox 130 2358 800 2422; baseline -0.006 -15"><span class='ocrx_word' id='word_1_226' title='bbox 130 2358 245 2407; x_wconf 86' lang='lat' dir='ltr'>Verberat</span> <span class='ocrx_word' id='word_1_227' title='bbox 254 2374 391 2422; x_wconf 82' lang='lat' dir='ltr'>assurgens:</span> <span class='ocrx_word' id='word_1_228' title='bbox 408 2367 520 2422; x_wconf 83' lang='lat' dir='ltr'>spumant</span> <span class='ocrx_word' id='word_1_229' title='bbox 530 2360 589 2406; x_wconf 80' lang='lat' dir='ltr'>sads</span> <span class='ocrx_word' id='word_1_230' title='bbox 602 2372 717 2405; x_wconf 81' lang='lat' dir='ltr'>marmore</span> <span class='ocrx_word' id='word_1_231' title='bbox 728 2370 800 2405; x_wconf 82' lang='lat' dir='ltr'>verso.</span> 
     </span>
     <span class='ocr_line' id='line_1_36' title="bbox 131 2420 802 2482; baseline -0.004 -11"><span class='ocrx_word' id='word_1_232' title='bbox 131 2424 204 2471; x_wconf 84' lang='lat' dir='ltr'>Hunc</span> <span class='ocrx_word' id='word_1_233' title='bbox 215 2423 278 2472; x_wconf 82' lang='lat' dir='ltr'>vehit</span> <span class='ocrx_word' id='word_1_234' title='bbox 288 2424 396 2482; x_wconf 81' lang='lat' dir='ltr'>immanis</span> <span class='ocrx_word' id='word_1_235' title='bbox 408 2422 501 2482; x_wconf 84' lang='lat' dir='ltr'>Triton,</span> <span class='ocrx_word' id='word_1_236' title='bbox 512 2432 535 2471; x_wconf 85' lang='lat' dir='ltr'>et</span> <span class='ocrx_word' id='word_1_237' title='bbox 545 2424 630 2472; x_wconf 83' lang='lat' dir='ltr'>eoernls</span> <span class='ocrx_word' id='word_1_238' title='bbox 639 2421 726 2471; x_wconf 78' lang='lat' dir='ltr'>oonehi</span> <span class='ocrx_word' id='word_1_239' title='bbox 752 2420 802 2468; x_wconf 76' lang='lat'>209</span> 
     </span>
     <span class='ocr_line' id='line_1_37' title="bbox 130 2485 759 2551; baseline -0.006 -15"><span class='ocrx_word' id='word_1_240' title='bbox 130 2488 257 2536; x_wconf 85' lang='lat' dir='ltr'>Exterrens</span> <span class='ocrx_word' id='word_1_241' title='bbox 268 2488 339 2547; x_wconf 63' lang='lat' dir='ltr'>fretu</span> <span class='ocrx_word' id='word_1_242' title='bbox 357 2488 395 2537; x_wconf 88' lang='lat' dir='ltr'>eui</span> <span class='ocrx_word' id='word_1_243' title='bbox 404 2488 505 2537; x_wconf 84' lang='lat' dir='ltr'>laterum</span> <span class='ocrx_word' id='word_1_244' title='bbox 515 2496 582 2537; x_wconf 88' lang='lat' dir='ltr'>tenus</span> <span class='ocrx_word' id='word_1_245' title='bbox 592 2487 684 2551; x_wconf 85' lang='lat' dir='ltr'>hispida</span> <span class='ocrx_word' id='word_1_246' title='bbox 693 2485 759 2533; x_wconf 81' lang='lat' dir='ltr'>nanti</span> 
     </span>
     <span class='ocr_line' id='line_1_38' title="bbox 130 2550 759 2619; baseline -0.005 -18"><span class='ocrx_word' id='word_1_247' title='bbox 130 2554 205 2601; x_wconf 82' lang='lat' dir='ltr'>Frons</span> <span class='ocrx_word' id='word_1_248' title='bbox 215 2552 336 2601; x_wconf 89' lang='lat' dir='ltr'>hominem</span> <span class='ocrx_word' id='word_1_249' title='bbox 346 2553 445 2619; x_wconf 74' lang='lat' dir='ltr'>prefert,</span> <span class='ocrx_word' id='word_1_250' title='bbox 456 2553 482 2600; x_wconf 91' lang='lat' dir='ltr'>iu</span> <span class='ocrx_word' id='word_1_251' title='bbox 492 2554 574 2617; x_wconf 84' lang='lat' dir='ltr'>pristin</span> <span class='ocrx_word' id='word_1_252' title='bbox 584 2552 668 2600; x_wconf 87' lang='lat' dir='ltr'>desiuit</span> <span class='ocrx_word' id='word_1_253' title='bbox 678 2550 759 2607; x_wconf 67' lang='lat' dir='ltr'>alvus,</span> 
     </span>
     <span class='ocr_line' id='line_1_39' title="bbox 131 2615 727 2683; baseline -0.003 -17"><span class='ocrx_word' id='word_1_254' title='bbox 131 2618 234 2683; x_wconf 84' lang='lat' dir='ltr'>Spumea</span> <span class='ocrx_word' id='word_1_255' title='bbox 245 2618 350 2669; x_wconf 67' lang='lat' dir='ltr'>uuidere</span> <span class='ocrx_word' id='word_1_256' title='bbox 360 2620 404 2669; x_wconf 79' lang='lat' dir='ltr'>sab</span> <span class='ocrx_word' id='word_1_257' title='bbox 414 2625 506 2683; x_wconf 77' lang='lat' dir='ltr'>pectore</span> <span class='ocrx_word' id='word_1_258' title='bbox 515 2624 647 2669; x_wconf 78' lang='lat' dir='ltr'>munnurst</span> <span class='ocrx_word' id='word_1_259' title='bbox 657 2615 727 2664; x_wconf 73' lang='lat' dir='ltr'>unda</span> 
     </span>
    </p>
   </div>
   <div class='ocr_carea' id='block_1_3' title="bbox 0 0 958 2917">
    <p class='ocr_par' dir='ltr' id='par_1_11' title="bbox 0 0 958 2917">
     <span class='ocr_line' id='line_1_40' title="bbox 0 0 958 2917; baseline 0 0"><span class='ocrx_word' id='word_1_260' title='bbox 0 0 958 2917; x_wconf 95' lang='lat' dir='ltr'> </span> 
     </span>
    </p>
   </div>
  </div>
 </body>
</html>
