1892 2917
130 85 185 139 'tot
333 82 456 136 AENEIS.
474 79 608 138 vntot.

136 218 293 280 stingum
302 214 374 278 ripas,
385 224 409 264 et
419 215 518 278 pinguis
526 217 591 264 culte
601 223 725 276 serentem,
777 216 814 265 ὦ

137 281 256 329 cmrleu
267 281 378 344 lbybris,
389 281 446 328 ooelo
456 281 602 343 gratissimus
612 280 694 328 amnis.

138 345 187 393 Hic
196 345 256 393 mibi
265 360 353 408 mogun
361 344 454 404 domus,
466 345 533 392 celsis
543 353 613 408 ceput
624 345 729 405 urbibus,
741 345 799 393 exit.

170 409 247 472 Dixit,
258 410 342 458 deinde
351 409 405 457 lecu
416 409 515 456 Florius
526 425 551 457 se
561 409 663 457 condidit
673 410 729 469 elto,
761 413 763 416 '
777 410 812 458 66

136 475 191 522 Irus
200 484 288 536 petens
305 475 362 522 Nox
372 474 466 522 AEneen
476 488 618 537 somnusque
627 473 728 538 reliquit.

136 538 224 602 Surgit,
236 548 267 599 et,
279 538 370 587 etherei
379 546 486 600 spectans
496 539 592 586 orientia
602 537 663 587 Solis

137 603 250 664 Lumine,
258 605 302 653 rite
311 602 373 651 osris
382 602 471 650 undam
481 602 511 650 de
520 602 617 650 flumine
627 602 712 666 palmis

136 669 245 729 Susbrlit,
257 683 284 716 ee
294 668 351 715 tales
361 666 458 715 effundit
468 666 499 713 od
510 667 595 715 retbere
605 682 684 715 voces:
777 667 811 723 70

137 733 266 797 Nympha,
275 733 403 781 laurentes
411 731 539 794 Nymphae,
550 746 624 794 genus
633 730 741 780 amnibus
746 731 813 780 unde

227 814 260 847 .es

137 861 232 938 Tuque,
243 807 368 925 otll'bybri,
380 870 422 909 tuo
431 859 521 924 genitor
532 875 586 908 eum
596 861 693 908 flumine
702 867 794 921 sancto,

137 926 244 989 Aocrpite
255 927 356 986 AEneen,
368 934 391 974 et
401 926 496 974 tandem
507 934 581 972 arcete
590 925 687 992 periclis.

136 989 559 1053 Quotecumquelecus,miserentem
567 989 714 1036 incommode
721 996 809 1048 nostre,

136 1054 212 1102 Fonte
222 1062 292 1114 tenet,
303 1069 451 1117 quocumque
461 1054 511 1102 solo
521 1054 689 1115 pulcherrimus
700 1053 749 1101 exis
755 1071 763 1112 ;
776 1053 809 1109 75

137 1118 234 1179 Semper
243 1118 330 1165 bonore
339 1133 401 1178 meo,
413 1133 503 1179 semper
513 1117 655 1166 celebrabere
665 1117 740 1178 donis,

137 1180 249 1244 Corniger
259 1181 417 1244 Hesperidum
427 1181 514 1230 fluvius
524 1191 629 1244 regnator
639 1198 761 1246 uquarum.

138 1245 221 1306 Adsis,
233 1261 256 1307 o,
268 1254 369 1306 tantum,
381 1254 404 1293 et
414 1245 561 1308 propius'tue
571 1247 669 1294 numine
679 1247 764 1294 firmes.

137 1309 176 1358 Sic
186 1320 308 1368 memoret,
320 1309 470 1376 garriensque
480 1309 536 1372 legit
547 1310 576 1357 de
586 1311 661 1366 classe,
668 1311 774 1370 biremes,

138 1375 293 1439 Remigioque
303 1382 382 1438 epten
401 1373 474 1421 socios
484 1375 554 1422 simul
564 1374 657 1422 instruit
667 1375 746 1422 aroris.
774 1377 809 1423 80

169 1435 329 1499 Ecce'outem,
341 1437 445 1487 subitum
455 1447 526 1502 utque
541 1437 614 1486 oculis
625 1439 729 1488 mirabile
739 1440 809 1487 mon.

233 1513 317 1564 strum,

137 1568 243 1618 Candide
253 1584 295 1631 per
305 1569 387 1616 silvam
398 1581 452 1616 oum
462 1569 511 1616 fetu
522 1567 626 1616 concolor
636 1567 689 1616 albo

137 1634 272 1692 Procubuit,
284 1632 397 1697 viridique
406 1634 431 1679 in
441 1633 507 1680 litore
518 1632 664 1695 conspicitur,
677 1647 732 1690 sus3

85 1736 88 1742 .
125 1697 219 1756 vQuum
229 1698 282 1759 pius
293 1698 381 1745 AEnees
391 1697 434 1745 tibi
444 1697 515 1758 enim,
526 1697 577 1756 tibi,
589 1697 693 1744 maximo
703 1698 779 1757 Juno,
824 1749 826 1754 ,
933 1739 934 1744 ,

137 1762 238 1821 Μ11111,
250 1777 314 1810 sema
323 1762 406 1822 ferens,
418 1773 441 1810 et
451 1777 506 1808 oum
519 1777 588 1825 grege
598 1761 658 1808 sistit
668 1761 698 1808 ud
709 1777 781 1810 111111.

137 1824 240 1889 Thybris
250 1826 278 1874 eis
288 1826 395 1887 flurium,
406 1841 479 1890 quem
494 1826 565 1890 longe
578 1834 622 1885 est,
633 1835 700 1874 nocte
714 1835 809 1874 tumen-

136 1954 224 2014 Ireniit,
236 1965 259 2003 et
269 1955 339 2004 taeitt
349 1956 447 2004 refluens
456 1954 491 2003 ite
501 1954 603 2022 substitit
614 1955 685 2015 undi,

135 2019 205 2073 Mitis
215 2029 243 2068 ut
252 2019 277 2067 in
287 2036 376 2068 morem
387 2019 463 2083 stagni
473 2020 617 2084 placideque
626 2019 719 2082 paludis

136 2084 251 2132 Sterneret
261 2099 339 2148 equor
349 2084 424 2148 equis,
435 2099 500 2132 remo
510 2094 537 2133 ut
549 2085 666 2132 luctamen
677 2087 773 2133 obesset.

135 2147 201 2210 Ergo
211 2148 254 2197 iter
264 2149 382 2211 inceptum
393 2149 493 2197 celerent
499 2166 507 2207 3
524 2164 616 2197 rumore
627 2150 727 2198 secundo
773 2151 807 2200 90

76 2222 79 2241 ¹
137 2213 236 2260 labitur
246 2222 316 2260 uncte
327 2213 391 2262 vodis
401 2213 478 2261 ebiesr
495 2214 608 2262 mirentur
619 2223 642 2262 et
652 2214 737 2274 undre3

135 2277 238 2324 Mirutm
248 2292 331 2326 nemus
341 2277 458 2325 insuetum
468 2278 582 2342 fulgentia
592 2278 661 2342 longe

100 2339 109 2368 ¹
134 2342 206 2388 Scuto
216 2342 291 2390 virbm
301 2341 373 2389 fluvio
383 2343 502 2406 pietasque
513 2343 592 2391 innare
603 2344 698 2392 cerium.

134 2405 186 2453 Olli
196 2406 293 2469 remigio
303 2414 440 2470 noctemque
450 2407 558 2472 diemque
568 2407 675 2470 fatigent,
751 2445 755 2451 .

133 2469 167 2517 Et
177 2470 259 2533 longos
269 2478 379 2537 superent
389 2471 472 2532 flexus,
485 2472 600 2536 variisque
614 2481 725 2536 teguntur
773 2475 805 2523 95

131 2533 271 2594 Arboribus,
282 2533 412 2598 viridesque
422 2537 505 2586 secent·
511 2537 603 2599 placido
614 2553 705 2601 equore
715 2538 792 2587 silves.
