1892 2917
127 72 159 119 et
322 68 509 119 BUCOIaICAc
527 69 602 117 VIII.

128 200 190 248 Cum
201 198 297 247 canibus
307 198 384 245 timidi
395 198 487 245 venient
497 197 527 244 ad
538 197 621 261 pourln
632 197 716 247 damae.
765 202 804 250 28

128 264 223 327 Mopse,
234 278 305 311 noves
316 262 390 310 incide
401 262 477 309 fsoes:
495 262 538 310 tibi
548 262 641 309 ducitur
651 278 716 311 uxor.

127 330 224 391 Sparge,
235 328 325 387 merite,
337 341 421 374 nucesr
433 327 476 374 tibi
485 326 569 374 deserit
579 327 699 390 Hesperus
709 329 805 379 OEtam.

127 393 209 454 Incipe
221 392 343 441 Maenalios
354 406 453 445 mecum,
466 406 519 438 mee
529 391 596 448 tibin,
607 407 692 440 versus.
764 395 798 442 31

129 457 153 505 0
164 458 236 520 digno
246 458 369 517 conjuncte
381 457 428 503 viro
439 456 445 502 !
463 455 521 501 dum
532 455 629 518 despIcis
639 472 728 516 ornnes,

128 522 242 585 Dumque
253 522 298 569 tibi
306 528 340 568 est
351 520 403 567 odio
414 536 466 567 mee
480 518 567 578 fistula,
579 520 683 583 dumque
694 520 801 585 capellas,

129 586 301 648 Hirsutumque
311 585 468 648 supercilium,
479 584 638 648 promiaeaque
648 588 736 644 borbat
848 600 864 604 ·’

120 652 181 708 'Nec
192 666 271 698 curare
283 650 362 697 Deum
373 649 445 697 credis
456 648 564 703 mortalia
573 665 724 713 quemquam.
765 652 803 699 35

129 711 215 777 Incipe
221 715 344 767 Maenalios
354 728 456 771 mecum,
468 727 521 760 mea
531 713 596 773 tibia,
609 722 695 763 versus.

33 788 34 797 ¹
129 780 227 841 Sepibus
238 780 262 825 in
271 778 353 825 nostris
362 793 456 841 parvam
466 785 490 827 te
500 778 587 825 roscida
597 777 660 825 muln

129 842 200 908 (Dux
211 860 253 906 ego
264 851 337 889 vester
347 841 420 902 eram)
429 842 476 888 vidi
487 857 541 889 cum
551 852 625 890 matre
634 844 764 908 legentemg
796 900 798 903 .

129 910 198 957 Alter
209 911 238 955 ab
249 906 371 954 undecimo
381 915 432 953 tum
443 921 482 953 me
490 907 540 966 jum
551 917 641 971 ceperat
650 920 743 967 animet

92 1029 93 1035 ἵ
112 986 118 995 ·
128 974 147 1020 J
148 989 186 1020 am
195 972 289 1035 fragile
295 980 403 1034 poteram
415 986 429 1017 a
439 971 500 1019 terri
510 973 641 1034 contingere
649 990 732 1023 ramos.
765 977 801 1036 40
814 971 816 974 ’

128 1038 164 1085 Ut
175 1037 230 1093 vidi,
239 1045 266 1083 ut
276 1035 342 1098 perii,
354 1043 381 1082 ut
391 1050 429 1082 me
439 1036 516 1083 malus
527 1038 622 1084 abstulit
632 1039 709 1086 errori

129 1101 210 1165 Incipe
221 1100 344 1147 Maenalios
354 1115 456 1158 mecum,
466 1116 521 1147 mee
530 1100 595 1158 tibia,
607 1117 694 1151 versus.

129 1166 201 1213 Nunc
211 1165 266 1222 scio,
277 1164 335 1228 quid
346 1165 376 1211 sit
386 1165 477 1212 Amor:
494 1164 559 1212 duris
568 1166 593 1213 in
605 1167 693 1215 cotibus
704 1166 772 1215 illum

128 1231 180 1278 Aut
191 1230 291 1278 Tmaros
301 1238 342 1276 eut
353 1228 475 1292 Rhodope,
483 1237 525 1277 aut
532 1230 631 1278 extremi
639 1232 803 1289 Garamantes,

95 1331 98 1335 -
129 1296 181 1343 Nec
191 1294 279 1356 generis
290 1294 363 1341 nostrl
374 1310 472 1356 puerum
484 1310 526 1341 nec
536 1295 665 1357 sanguinis,
677 1297 756 1345 edunt.
767 1299 802 1345 45

129 1360 209 1423 Incipe
216 1358 343 1417 ,Maenalios
354 1374 455 1416 mecum,
467 1374 519 1406 mee
530 1359 594 1416 tibia,
604 1376 689 1408 versus.

129 1427 210 1475 Saevus
221 1425 298 1472 Amor
305 1424 384 1483 docuit
394 1424 501 1474 notorum
512 1425 625 1487 sanguine
634 1433 734 1473 metron

129 1488 411 1537 Commscularemanus:
429 1488 528 1536 crudelis
541 1497 566 1535 tu
578 1505 680 1552 quoque,
691 1498 782 1549 meten

129 1554 236 1603 Crudelis
245 1562 320 1600 mater
329 1553 413 1615 magis,
425 1569 454 1600 on
466 1568 524 1615 puer
533 1553 653 1616 improbus
663 1555 722 1603 ille?
826 1610 829 1615 ¹

129 1620 256 1682 Improbus
266 1618 306 1664 ille
316 1634 387 1681 puer:
406 1618 504 1665 crudelis
515 1625 539 1664 tu
552 1634 652 1682 quoque,
664 1628 745 1669 meter.
766 1624 802 1669 50

117 1683 210 1747 *Incipe
221 1683 343 1730 Maenalios
354 1698 454 1739 mecum,
466 1697 519 1729 mee
529 1682 594 1741 tibia,
606 1699 691 1730 versus.

130 1748 202 1795 Nunc
212 1754 235 1794 et
245 1761 298 1793 oves
308 1748 369 1794 ultro
379 1746 454 1809 fugiat
464 1748 534 1809 lupus
543 1764 550 1800 ;
568 1763 637 1794 aurea
648 1748 713 1796 durae

129 1813 198 1859 Mala
207 1810 282 1858 ferant
292 1827 404 1874 quercus:
422 1812 522 1858 narcisso
532 1812 609 1858 floreat
617 1814 702 1872 alunt3

129 1877 231 1939 PInguia
242 1875 363 1923 corticibus
374 1875 457 1922 sudent
465 1876 548 1923 electra
557 1876 668 1939 myricaet
724 1890 727 1895 “

130 1941 224 1989 Certent
235 1948 258 1987 et
268 1940 344 2003 cycnis
354 1940 443 1995 ulu1ae3
462 1941 492 1987 sit
503 1941 599 2003 Tityrus
611 1941 739 2005 Orpheum
765 1948 798 1994 55

129 2006 239 2069 Orpheus
249 2005 280 2051 in¹
287 2005 358 2063 silvis,
369 2006 429 2052 inter
439 2004 560 2067 delphinus
571 2006 654 2052 Arion.

129 2070 210 2135 Incipe
221 2069 345 2125 Maenalios
356 2084 456 2127 mecum,
468 2085 521 2116 mee
532 2070 597 2126 tibia,
606 2086 692 2118 versus.

129 2134 218 2183 Omnia
229 2136 266 2183 vel
276 2134 381 2181 medium
391 2134 448 2181 fient
457 2147 530 2181 mere.
562 2134 649 2193 vitiu,
660 2134 741 2185 silveri
757 2182 762 2194 ,

129 2199 235 2263 Praeceps
244 2199 301 2257 nerii
311 2199 404 2262 speculis
414 2198 443 2247 de
454 2199 539 2248 montis
549 2199 573 2245 in
585 2198 660 2247 undns

128 2264 226 2312 Deseror
235 2280 243 2320 ς
260 2272 390 2312 extremum
401 2263 445 2311 hoc
455 2278 543 2310 munus
553 2264 671 2312 morientis
680 2265 773 2317 hebeto.

128 2328 224 2385 Desine,
237 2328 360 2375 Maennlios
369 2329 420 2389 jem
430 2327 517 2385 desine,
529 2328 594 2387 tibin,
607 2344 693 2377 versus.
765 2335 797 2382 61
811 2343 813 2346 ·

163 2393 221 2439 Haec
232 2391 341 2439 Damon:
353 2407 402 2449 voe,
412 2408 464 2454 quae
475 2392 618 2454 responderit
625 2394 803 2461 Alphesiboem,

129 2455 215 2517 Dicite,
232 2455 350 2512 Pierides3
366 2470 414 2529 non¹
424 2456 505 2504 ¹omniu
514 2471 637 2519 possumus
647 2473 736 2509 omna.
817 2460 820 2465 ’
