1892 2917
153 118 202 166 m
357 113 481 164 AENEIS.
496 113 558 162 VII.
574 115 614 170 27.

153 244 216 292 Cum
228 243 289 291 venti
300 244 405 308 posuere,
417 244 539 308 omnisque
548 251 642 306 repente
651 241 734 290 resedit
789 241 825 298 27

152 307 244 368 Fletus,
256 316 279 356 et
289 308 313 355 in
323 309 387 356 lento
397 309 514 356 luctantur
524 323 639 355 marmore
649 315 726 354 tonse.

151 372 234 435 Atque
243 373 283 420 hic
294 373 381 420 AEuees
391 373 508 436 ingmtem
519 388 548 420 ex
559 387 650 435 equore
660 373 739 419 lucum

152 436 274 500 Prospicit.
304 439 377 485 Hunc
386 438 446 485 inter
456 437 528 485 fluvio
539 436 664 484 Tiberinus
675 449 776 495 emoeuo,
787 434 823 482 8⁰

150 500 285 549 Vorticibus
295 501 389 565 rapidis,
401 510 424 550 et
432 502 509 549 multi
518 501 592 548 florus
602 501 680 558 areni,

136 593 139 599 ·
152 564 183 613 In
195 580 258 614 mure
268 566 404 630 prorumpit.
437 566 515 614 varie
525 565 658 628 circumque
669 579 783 630 supraque

150 633 259 680 Assuetae
268 631 325 695 ripis
334 631 438 678 volucres
448 638 470 678 et
480 629 583 677 fluminis
593 631 659 677 alveo

150 694 250 742 AEthers
259 695 392 743 mulcebant
401 704 480 752 caum,
490 695 516 741 lu
559 709 589 740 ue
599 694 714 741 volabaut

151 757 254 808 Flectere
264 760 307 808 iter
317 760 392 816 socfis,
402 709 641 822 terraequeciiivertere
651 772 737 820 prorue,
786 757 821 805 35

152 823 265 886 Imperat,
275 833 298 872 et
307 825 375 871 letus
385 823 458 871 fluvio
467 821 568 870 succedit
578 836 657 886 opaoo·

184 889 255 936 Nunc
263 904 314 951 age,
323 888 364 950 qui
374 903 446 951 reges,
456 888 537 946 Erato,
550 902 602 950 quae
609 895 713 949 tempora
720 900 808 947 rerum,

150 951 212 1011 Quia
223 952 292 1000 letio
302 953 397 1016 antiquo
407 952 477 1000 fuerit
487 959 567 1011 status,
579 951 667 998 advene
677 951 771 999 classem

150 1016 325 1142 Gurpefflum
335 1016 447 1064 Ausoniis
458 1015 570 1064 exercitus
580 1015 671 1079 appulit
681 1015 735 1075 oris,

150 1081 191 1128 Ex

152 1146 288 1204 Tusatem,
300 1153 336 1203 tu,
347 1145 418 1206 Diva,
430 1160 506 1193 mone.
539 1144 625 1192 Dicam
635 1143 728 1192 horrida
736 1143 814 1201 belles

150 1207 734 1274 Dicemacimactosqueenimisinfunerareges,
788 1231 791 1238 ·

150 1272 342 1338 Tyrrhenumque
349 1290 455 1333 menum,
465 1283 584 1337 tctmnque
591 1276 635 1322 sub
643 1289 708 1320 arma
716 1281 820 1322 cocetum

150 1337 296 1400 Hesperiam.
329 1339 409 1400 Major
418 1355 497 1386 rerum
507 1338 566 1386 mihi
576 1337 677 1386 nescitur
687 1337 757 1394 ordo;

149 1401 232 1464 lllojus
242 1418 300 1466 opus
310 1418 399 1452 moveo.
433 1405 486 1451 Rex
497 1419 551 1451 arvo
562 1402 661 1450 Latinus
671 1409 694 1450 et
704 1404 773 1450 urbes
783 1403 817 1450 45

148 1468 207 1516 Jum
217 1468 291 1516 senior
300 1469 371 1531 longe
380 1468 482 1530 placidus
492 1469 517 1515 in
527 1483 583 1532 pace
594 1469 694 1530 regebat.

148 1531 222 1579 Hunc
232 1533 313 1581 Fauno
324 1543 347 1580 et
357 1533 462 1596 nymphl
471 1533 576 1596 genitum
588 1531 704 1579 Laurente
715 1531 808 1579 Marici

147 1596 300 1658 Accipimus3
316 1597 399 1645 Fauno
410 1598 480 1645 Picus
490 1607 570 1660 pater3
587 1596 654 1659 isque
663 1604 782 1659 parentem

236 1080 242 1090 ’
283 1081 416 1144 ‚etprimte
426 1083 536 1129 revocabo
546 1079 640 1128 exordia
649 1094 749 1144 pugnes:
784 1079 819 1127 40

86 1674 91 1683 ’
148 1660 194 1720 Te,
206 1661 312 1721 Saturne,
323 1663 407 1718 refert:
424 1671 451 1709 tu
461 1662 579 1725 sanguinis
590 1660 687 1708 ultimus
695 1668 783 1709 auctor.

147 1725 223 1772 Filius
233 1725 296 1784 huie,
306 1727 356 1774 fato
366 1727 463 1784 Divum,
474 1727 595 1789 prolesque
607 1725 677 1773 virilis
781 1727 815 1774 50

146 1788 222 1836 Nulla
231 1789 285 1850 fuit,
296 1789 417 1855 primique
426 1791 500 1839 oriens
511 1799 587 1854 erepte
595 1789 693 1851 juventi
702 1797 743 1838 est
785 1801 788 1806 '

146 1854 202 1902 Sola
212 1853 308 1902 domum
319 1864 342 1903 et
351 1863 427 1903 tantm
437 1857 542 1903 servabas
552 1849 600 1902 filie
611 1855 683 1914 sedes,

144 1919 163 1966 J
164 1934 203 1966 am
213 1927 304 1968 matura
314 1921 371 1978 viro,
380 1921 430 1981 jam
440 1920 515 1983 plenis
524 1919 610 1968 nubilis
620 1919 693 1968 annu·

123 1982 126 1986 ’
145 1981 221 2033 Multi
230 1983 296 2032 illam
306 2000 392 2047 magno
401 2001 414 2033 e
425 1985 494 2032 letio
504 1983 598 2047 totique
608 1987 717 2047 petebant

144 2047 267 2105 Ausonil3
283 2049 341 2112 petit
350 2057 404 2097 ante
414 2050 471 2097 alios
481 2048 649 2112 pulcherrimus
660 2063 740 2096 omnes
780 2051 813 2095 55

145 2111 250 2171 Tumua,
262 2114 310 2161 avis
319 2114 437 2177 mumque
447 2123 544 2177 potense
561 2129 631 2176 quem
641 2113 704 2175 regia
714 2113 801 2174 conjux

143 2175 253 2240 Adjungi
262 2190 372 2239 generum
383 2179 442 2226 miro
451 2179 589 2242 properabat
599 2193 692 2234 amurca

144 2240 190 2288 Sed
200 2241 268 2289 variis
278 2252 383 2306 portenta
393 2244 472 2291 Deum
483 2243 609 2291 terroribus
619 2244 718 2290 obstent.

144 2305 718 2369 mumsnumumuusnpenmuunuas,
778 2308 811 2356 se
912 2293 922 2314 ”

142 2371 213 2418 sm
223 2385 322 2427 comum,
335 2371 468 2436 multosque
478 2380 543 2420 metu
554 2379 643 2419 servata
653 2385 693 2434 per
703 2384 792 2428 annuae

142 2433 223 2493 Quam
233 2443 299 2496 peter
308 2434 435 2496 inventum,
445 2435 533 2500 primes
543 2451 598 2484 cum
606 2435 712 2485 conderet
721 2451 792 2496 muca,

142 2499 198 2561 Ipse
207 2498 321 2548 ferebatur
331 2499 419 2548 Phoebo
428 2500 528 2548 sacrlsse
539 2500 646 2558 Latinus,

143 2563 316 2628 lourerrtesque
325 2566 356 2611 ab
366 2562 393 2612 el
403 2579 487 2613 nomen
498 2561 600 2627 posuisse
611 2564 703 2613 colonis.

143 2626 223 2689 Hujus
233 2643 288 2692 apes
298 2631 417 2677 summum
427 2629 505 2678 (lasse
516 2629 632 2685 (mirabile
641 2626 726 2690 dictu),
