<?xml version="1.0" encoding="UTF-8"?>
<!DOCTYPE html PUBLIC "-//W3C//DTD XHTML 1.0 Transitional//EN"
    "http://www.w3.org/TR/xhtml1/DTD/xhtml1-transitional.dtd">
<html xmlns="http://www.w3.org/1999/xhtml" xml:lang="en" lang="en">
 <head>
  <title>
</title>
<meta http-equiv="Content-Type" content="text/html;charset=utf-8" />
  <meta name='ocr-system' content='tesseract 3.04.00' />
  <meta name='ocr-capabilities' content='ocr_page ocr_carea ocr_par ocr_line ocrx_word'/>
</head>
<body>
  <div class='ocr_page' id='page_1' title='image "./pvirgiliimaroni21virggoog_0307.png"; bbox 0 0 1892 2917; ppageno 0'>
   <div class='ocr_carea' id='block_1_1' title="bbox 330 109 788 165">
    <p class='ocr_par' dir='ltr' id='par_1_1' title="bbox 330 109 788 165">
     <span class='ocr_line' id='line_1_1' title="bbox 330 109 788 165; baseline -0.013 -4"><span class='ocrx_word' id='word_1_1' title='bbox 330 110 453 163; x_wconf 76' lang='lat' dir='ltr'><strong>AENEIS·</strong></span> <span class='ocrx_word' id='word_1_2' title='bbox 467 112 501 161; x_wconf 83' lang='grc' dir='ltr'>Χ,</span> <span class='ocrx_word' id='word_1_3' title='bbox 520 111 574 160; x_wconf 86' lang='grc'><strong>101.</strong></span> <span class='ocrx_word' id='word_1_4' title='bbox 739 109 788 165; x_wconf 73' lang='grc'>207</span> 
     </span>
    </p>
   </div>
   <div class='ocr_carea' id='block_1_2' title="bbox 117 237 790 691">
    <p class='ocr_par' dir='ltr' id='par_1_2' title="bbox 117 237 786 364">
     <span class='ocr_line' id='line_1_2' title="bbox 118 237 786 299; baseline -0.006 -10"><span class='ocrx_word' id='word_1_5' title='bbox 118 240 182 289; x_wconf 84' lang='lat' dir='ltr'>iniit.</span> <span class='ocrx_word' id='word_1_6' title='bbox 199 240 237 291; x_wconf 80' lang='lat' dir='ltr'>Eo</span> <span class='ocrx_word' id='word_1_7' title='bbox 248 238 345 299; x_wconf 85' lang='lat' dir='ltr'>dicente,</span> <span class='ocrx_word' id='word_1_8' title='bbox 357 241 436 289; x_wconf 75' lang='lat' dir='ltr'>Deum</span> <span class='ocrx_word' id='word_1_9' title='bbox 447 241 531 289; x_wconf 87' lang='lat' dir='ltr'>domus</span> <span class='ocrx_word' id='word_1_10' title='bbox 540 241 588 289; x_wconf 77' lang='lat' dir='ltr'>aits</span> <span class='ocrx_word' id='word_1_11' title='bbox 597 238 691 299; x_wconf 71' lang='lat' dir='ltr'>srloecit,</span> <span class='ocrx_word' id='word_1_12' title='bbox 742 237 786 285; x_wconf 93' lang='grc'>101</span> 
     </span>
     <span class='ocr_line' id='line_1_3' title="bbox 117 304 709 364; baseline -0.005 -10"><span class='ocrx_word' id='word_1_13' title='bbox 117 305 151 354; x_wconf 89' lang='lat' dir='ltr'>Et</span> <span class='ocrx_word' id='word_1_14' title='bbox 163 304 295 354; x_wconf 81' lang='lat' dir='ltr'>tremefacta</span> <span class='ocrx_word' id='word_1_15' title='bbox 305 306 353 353; x_wconf 94' lang='lat' dir='ltr'>solo</span> <span class='ocrx_word' id='word_1_16' title='bbox 363 306 447 364; x_wconf 89' lang='lat' dir='ltr'>tellus;</span> <span class='ocrx_word' id='word_1_17' title='bbox 464 306 516 353; x_wconf 77' lang='lat' dir='ltr'>silet</span> <span class='ocrx_word' id='word_1_18' title='bbox 525 304 612 353; x_wconf 86' lang='lat' dir='ltr'>arduus</span> <span class='ocrx_word' id='word_1_19' title='bbox 623 304 709 362; x_wconf 75' lang='lat' dir='ltr'>tetber3</span> 
     </span>
    </p>

    <p class='ocr_par' dir='ltr' id='par_1_3' title="bbox 117 368 790 691">
     <span class='ocr_line' id='line_1_4' title="bbox 117 368 788 433; baseline -0.003 -16"><span class='ocrx_word' id='word_1_20' title='bbox 117 370 183 417; x_wconf 85' lang='lat' dir='ltr'>Turn</span> <span class='ocrx_word' id='word_1_21' title='bbox 189 369 290 433; x_wconf 79' lang='lat' dir='ltr'><strong>Zephyri</strong></span> <span class='ocrx_word' id='word_1_22' title='bbox 295 371 405 433; x_wconf 66' lang='lat' dir='ltr'>posuere3</span> <span class='ocrx_word' id='word_1_23' title='bbox 414 370 500 433; x_wconf 90' lang='lat' dir='ltr'>premit</span> <span class='ocrx_word' id='word_1_24' title='bbox 505 368 788 433; x_wconf 72' lang='lat' dir='ltr'>placidaaequorapontus.</span> 
     </span>
     <span class='ocr_line' id='line_1_5' title="bbox 117 432 747 497; baseline -0.005 -15"><span class='ocrx_word' id='word_1_25' title='bbox 117 434 225 497; x_wconf 87' lang='lat' dir='ltr'>Accipite</span> <span class='ocrx_word' id='word_1_26' title='bbox 236 449 297 496; x_wconf 83' lang='lat' dir='ltr'>ergo,</span> <span class='ocrx_word' id='word_1_27' title='bbox 309 434 392 482; x_wconf 83' lang='lat' dir='ltr'>animis</span> <span class='ocrx_word' id='word_1_28' title='bbox 402 444 472 497; x_wconf 85' lang='lat' dir='ltr'>etque</span> <span class='ocrx_word' id='word_1_29' title='bbox 482 434 532 481; x_wconf 77' lang='lat' dir='ltr'>brec</span> <span class='ocrx_word' id='word_1_30' title='bbox 541 449 595 481; x_wconf 90' lang='lat' dir='ltr'>mea</span> <span class='ocrx_word' id='word_1_31' title='bbox 605 432 668 495; x_wconf 78' lang='lat' dir='ltr'>figite</span> <span class='ocrx_word' id='word_1_32' title='bbox 677 432 747 479; x_wconf 74' lang='lat' dir='ltr'>dicte.</span> 
     </span>
     <span class='ocr_line' id='line_1_6' title="bbox 118 496 765 573; baseline -0.002 -28"><span class='ocrx_word' id='word_1_33' title='bbox 118 498 316 573; x_wconf 71' lang='lat' dir='ltr'><strong>Quandoquidem</strong></span> <span class='ocrx_word' id='word_1_34' title='bbox 327 498 443 546; x_wconf 89' lang='lat' dir='ltr'>Ausonios</span> <span class='ocrx_word' id='word_1_35' title='bbox 453 497 563 560; x_wconf 80' lang='lat' dir='ltr'>conjungi</span> <span class='ocrx_word' id='word_1_36' title='bbox 573 497 657 545; x_wconf 81' lang='lat' dir='ltr'>foedere</span> <span class='ocrx_word' id='word_1_37' title='bbox 667 496 765 544; x_wconf 74' lang='lat' dir='ltr'>&#39;l&#39;eueris</span> 
     </span>
     <span class='ocr_line' id='line_1_7' title="bbox 118 561 789 626; baseline -0.004 -16"><span class='ocrx_word' id='word_1_38' title='bbox 118 562 193 611; x_wconf 78' lang='lat' dir='ltr'>Haud</span> <span class='ocrx_word' id='word_1_39' title='bbox 202 564 301 622; x_wconf 77' lang='lat' dir='ltr'>licitum,</span> <span class='ocrx_word' id='word_1_40' title='bbox 311 578 353 611; x_wconf 87' lang='lat' dir='ltr'>nee</span> <span class='ocrx_word' id='word_1_41' title='bbox 363 571 437 611; x_wconf 76' lang='lat' dir='ltr'>vestra</span> <span class='ocrx_word' id='word_1_42' title='bbox 447 561 509 626; x_wconf 80' lang='lat' dir='ltr'><strong>capit</strong></span> <span class='ocrx_word' id='word_1_43' title='bbox 518 561 631 609; x_wconf 74' lang='lat' dir='ltr'><strong>discordia</strong></span> <span class='ocrx_word' id='word_1_44' title='bbox 639 561 710 608; x_wconf 89' lang='lat' dir='ltr'>ilnem</span> <span class='ocrx_word' id='word_1_45' title='bbox 720 577 728 617; x_wconf 69' lang='grc' dir='ltr'><strong>ς</strong></span> <span class='ocrx_word' id='word_1_46' title='bbox 742 561 789 607; x_wconf 85' lang='grc'>100</span> 
     </span>
     <span class='ocr_line' id='line_1_8' title="bbox 118 625 790 691; baseline -0.003 -16"><span class='ocrx_word' id='word_1_47' title='bbox 118 626 180 687; x_wconf 85' lang='lat' dir='ltr'>Quae</span> <span class='ocrx_word' id='word_1_48' title='bbox 191 628 274 691; x_wconf 88' lang='lat' dir='ltr'>cuique</span> <span class='ocrx_word' id='word_1_49' title='bbox 288 635 323 677; x_wconf 88' lang='lat' dir='ltr'>est</span> <span class='ocrx_word' id='word_1_50' title='bbox 335 627 428 677; x_wconf 83' lang='lat' dir='ltr'>fortuna</span> <span class='ocrx_word' id='word_1_51' title='bbox 442 626 520 687; x_wconf 83' lang='lat' dir='ltr'>hodie,</span> <span class='ocrx_word' id='word_1_52' title='bbox 531 642 603 691; x_wconf 87' lang='lat' dir='ltr'>quem</span> <span class='ocrx_word' id='word_1_53' title='bbox 620 625 719 690; x_wconf 87' lang='lat' dir='ltr'>quisque</span> <span class='ocrx_word' id='word_1_54' title='bbox 729 632 790 673; x_wconf 80' lang='lat' dir='ltr'>secet</span> 
     </span>
    </p>
   </div>
   <div class='ocr_carea' id='block_1_3' title="bbox 117 706 790 2681">
    <p class='ocr_par' dir='ltr' id='par_1_4' title="bbox 117 706 790 2681">
     <span class='ocr_line' id='line_1_9' title="bbox 283 724 291 751; baseline 0 0"><span class='ocrx_word' id='word_1_55' title='bbox 283 724 291 751; x_wconf 66' lang='lat' dir='ltr'>i</span> 
     </span>
     <span class='ocr_line' id='line_1_10' title="bbox 119 706 730 815; baseline -0.002 -12"><span class='ocrx_word' id='word_1_56' title='bbox 119 755 181 804; x_wconf 80' lang='lat' dir='ltr'>Tros</span> <span class='ocrx_word' id='word_1_57' title='bbox 193 706 325 805; x_wconf 58' lang='lat' dir='ltr'>Rffisve</span> <span class='ocrx_word' id='word_1_58' title='bbox 335 754 394 815; x_wconf 83' lang='lat' dir='ltr'>fust,</span> <span class='ocrx_word' id='word_1_59' title='bbox 405 756 471 804; x_wconf 90' lang='lat' dir='ltr'>nullo</span> <span class='ocrx_word' id='word_1_60' title='bbox 482 753 613 804; x_wconf 68' lang='lat' dir='ltr'>discrimine</span> <span class='ocrx_word' id='word_1_61' title='bbox 622 753 730 812; x_wconf 78' lang='lat' dir='ltr'>habebnt</span> 
     </span>
     <span class='ocr_line' id='line_1_11' title="bbox 117 819 665 878; baseline -0.002 -10"><span class='ocrx_word' id='word_1_62' title='bbox 117 820 165 868; x_wconf 87' lang='lat' dir='ltr'>Seu</span> <span class='ocrx_word' id='word_1_63' title='bbox 176 820 230 868; x_wconf 78' lang='lat' dir='ltr'>ictis</span> <span class='ocrx_word' id='word_1_64' title='bbox 241 822 328 869; x_wconf 76' lang='lat' dir='ltr'>Italum</span> <span class='ocrx_word' id='word_1_65' title='bbox 339 828 412 869; x_wconf 74' lang='lat' dir='ltr'>ossus</span> <span class='ocrx_word' id='word_1_66' title='bbox 422 819 540 869; x_wconf 73' lang='lat' dir='ltr'>obsidione</span> <span class='ocrx_word' id='word_1_67' title='bbox 550 828 665 878; x_wconf 80' lang='lat' dir='ltr'>tenerrttrr,</span> 
     </span>
     <span class='ocr_line' id='line_1_12' title="bbox 118 881 790 948; baseline -0.001 -17"><span class='ocrx_word' id='word_1_68' title='bbox 118 884 172 931; x_wconf 86' lang='lat' dir='ltr'>Sive</span> <span class='ocrx_word' id='word_1_69' title='bbox 182 900 257 933; x_wconf 86' lang='lat' dir='ltr'>errore</span> <span class='ocrx_word' id='word_1_70' title='bbox 266 885 329 933; x_wconf 81' lang='lat' dir='ltr'>mslo</span> <span class='ocrx_word' id='word_1_71' title='bbox 340 884 419 945; x_wconf 76' lang='lat' dir='ltr'>&#39;l&#39;rojae</span> <span class='ocrx_word' id='word_1_72' title='bbox 428 884 569 948; x_wconf 80' lang='lat' dir='ltr'>monin‘sque</span> <span class='ocrx_word' id='word_1_73' title='bbox 578 883 681 931; x_wconf 61' lang='lat' dir='ltr'>sinum.</span> <span class='ocrx_word' id='word_1_74' title='bbox 743 881 790 930; x_wconf 91' lang='grc'>110</span> 
     </span>
     <span class='ocr_line' id='line_1_13' title="bbox 118 948 725 1013; baseline 0 -18"><span class='ocrx_word' id='word_1_75' title='bbox 118 948 171 995; x_wconf 87' lang='lat' dir='ltr'>Nee</span> <span class='ocrx_word' id='word_1_76' title='bbox 181 949 283 997; x_wconf 86' lang='lat' dir='ltr'>Rutulos</span> <span class='ocrx_word' id='word_1_77' title='bbox 293 950 363 997; x_wconf 88' lang='lat' dir='ltr'>solvo.</span> <span class='ocrx_word' id='word_1_78' title='bbox 380 950 428 997; x_wconf 85' lang='lat' dir='ltr'>Sua</span> <span class='ocrx_word' id='word_1_79' title='bbox 438 949 522 1013; x_wconf 88' lang='lat' dir='ltr'>cuique</span> <span class='ocrx_word' id='word_1_80' title='bbox 532 963 614 997; x_wconf 75' lang='lat' dir='ltr'>exorsa</span> <span class='ocrx_word' id='word_1_81' title='bbox 622 949 725 995; x_wconf 74' lang='lat' dir='ltr'>laborem</span> 
     </span>
     <span class='ocr_line' id='line_1_14' title="bbox 118 1012 756 1077; baseline -0.002 -18"><span class='ocrx_word' id='word_1_82' title='bbox 118 1012 294 1077; x_wconf 79' lang='lat' dir='ltr'>Fortunamque</span> <span class='ocrx_word' id='word_1_83' title='bbox 304 1013 384 1061; x_wconf 83' lang='lat' dir='ltr'>ferent.</span> <span class='ocrx_word' id='word_1_84' title='bbox 401 1014 455 1062; x_wconf 84' lang='lat' dir='ltr'>Rex</span> <span class='ocrx_word' id='word_1_85' title='bbox 465 1013 561 1077; x_wconf 86' lang='lat' dir='ltr'>Jupiter</span> <span class='ocrx_word' id='word_1_86' title='bbox 569 1012 676 1060; x_wconf 90' lang='lat' dir='ltr'>omnibus</span> <span class='ocrx_word' id='word_1_87' title='bbox 685 1012 756 1059; x_wconf 85' lang='lat' dir='ltr'>idem.</span> 
     </span>
     <span class='ocr_line' id='line_1_15' title="bbox 117 1076 723 1141; baseline 0.002 -18"><span class='ocrx_word' id='word_1_88' title='bbox 117 1076 177 1124; x_wconf 81' lang='lat' dir='ltr'>Fata</span> <span class='ocrx_word' id='word_1_89' title='bbox 187 1078 249 1126; x_wconf 85' lang='lat' dir='ltr'>viam</span> <span class='ocrx_word' id='word_1_90' title='bbox 259 1078 382 1126; x_wconf 78' lang='lat' dir='ltr'>invenient.</span> <span class='ocrx_word' id='word_1_91' title='bbox 399 1077 474 1141; x_wconf 80' lang='lat' dir='ltr'>Stygii</span> <span class='ocrx_word' id='word_1_92' title='bbox 484 1093 525 1141; x_wconf 86' lang='lat' dir='ltr'>per</span> <span class='ocrx_word' id='word_1_93' title='bbox 532 1077 630 1124; x_wconf 83' lang='lat' dir='ltr'>flumina</span> <span class='ocrx_word' id='word_1_94' title='bbox 638 1076 723 1137; x_wconf 76' lang='lat' dir='ltr'>fratris,</span> 
     </span>
     <span class='ocr_line' id='line_1_16' title="bbox 118 1141 648 1207; baseline 0 -19"><span class='ocrx_word' id='word_1_95' title='bbox 118 1141 165 1188; x_wconf 88' lang='lat' dir='ltr'>Per</span> <span class='ocrx_word' id='word_1_96' title='bbox 175 1142 225 1205; x_wconf 89' lang='lat' dir='ltr'>pice</span> <span class='ocrx_word' id='word_1_97' title='bbox 234 1150 344 1190; x_wconf 84' lang='lat' dir='ltr'>torrentes</span> <span class='ocrx_word' id='word_1_98' title='bbox 354 1143 450 1207; x_wconf 73' lang='lat' dir='ltr'>atrisque</span> <span class='ocrx_word' id='word_1_99' title='bbox 459 1142 568 1205; x_wconf 80' lang='lat' dir='ltr'>voragine</span> <span class='ocrx_word' id='word_1_100' title='bbox 577 1142 648 1205; x_wconf 87' lang='lat' dir='ltr'>ripas,</span> 
     </span>
     <span class='ocr_line' id='line_1_17' title="bbox 118 1204 788 1269; baseline -0.003 -16"><span class='ocrx_word' id='word_1_101' title='bbox 118 1206 221 1264; x_wconf 83' lang='lat' dir='ltr'>Annuit,</span> <span class='ocrx_word' id='word_1_102' title='bbox 234 1216 257 1253; x_wconf 92' lang='lat' dir='ltr'>et</span> <span class='ocrx_word' id='word_1_103' title='bbox 267 1216 342 1254; x_wconf 87' lang='lat' dir='ltr'>totum</span> <span class='ocrx_word' id='word_1_104' title='bbox 353 1215 412 1254; x_wconf 92' lang='lat' dir='ltr'>nutu</span> <span class='ocrx_word' id='word_1_105' title='bbox 423 1206 551 1253; x_wconf 81' lang='lat' dir='ltr'>tremefecit</span> <span class='ocrx_word' id='word_1_106' title='bbox 560 1204 701 1269; x_wconf 85' lang='lat' dir='ltr'>Olympum.</span> <span class='ocrx_word' id='word_1_107' title='bbox 741 1205 788 1251; x_wconf 76' lang='lat'>115</span> 
     </span>
     <span class='ocr_line' id='line_1_18' title="bbox 119 1269 640 1333; baseline 0 -16"><span class='ocrx_word' id='word_1_108' title='bbox 119 1269 168 1317; x_wconf 92' lang='lat' dir='ltr'>Hic</span> <span class='ocrx_word' id='word_1_109' title='bbox 178 1270 231 1318; x_wconf 87' lang='lat' dir='ltr'>finis</span> <span class='ocrx_word' id='word_1_110' title='bbox 240 1270 313 1319; x_wconf 80' lang='lat' dir='ltr'>fandi</span> <span class='ocrx_word' id='word_1_111' title='bbox 330 1271 393 1320; x_wconf 85' lang='lat' dir='ltr'>Solio</span> <span class='ocrx_word' id='word_1_112' title='bbox 403 1279 455 1318; x_wconf 90' lang='lat' dir='ltr'>tum</span> <span class='ocrx_word' id='word_1_113' title='bbox 466 1270 560 1333; x_wconf 83' lang='lat' dir='ltr'>Jupiter</span> <span class='ocrx_word' id='word_1_114' title='bbox 570 1284 640 1317; x_wconf 83' lang='lat' dir='ltr'>aureo</span> 
     </span>
     <span class='ocr_line' id='line_1_19' title="bbox 120 1334 758 1398; baseline -0.002 -16"><span class='ocrx_word' id='word_1_115' title='bbox 120 1334 210 1396; x_wconf 74' lang='lat' dir='ltr'>Surgit,</span> <span class='ocrx_word' id='word_1_116' title='bbox 221 1334 327 1382; x_wconf 82' lang='lat' dir='ltr'>coelioolae</span> <span class='ocrx_word' id='word_1_117' title='bbox 336 1334 440 1383; x_wconf 89' lang='lat' dir='ltr'>medium</span> <span class='ocrx_word' id='word_1_118' title='bbox 451 1349 522 1398; x_wconf 86' lang='lat' dir='ltr'>quem</span> <span class='ocrx_word' id='word_1_119' title='bbox 532 1334 563 1381; x_wconf 89' lang='lat' dir='ltr'>sd</span> <span class='ocrx_word' id='word_1_120' title='bbox 570 1334 653 1381; x_wconf 79' lang='lat' dir='ltr'>limina</span> <span class='ocrx_word' id='word_1_121' title='bbox 662 1334 758 1381; x_wconf 84' lang='lat' dir='ltr'>ducunt.</span> 
     </span>
     <span class='ocr_line' id='line_1_20' title="bbox 154 1398 733 1463; baseline 0.005 -19"><span class='ocrx_word' id='word_1_122' title='bbox 154 1399 245 1447; x_wconf 84' lang='lat' dir='ltr'>Interea</span> <span class='ocrx_word' id='word_1_123' title='bbox 255 1399 340 1447; x_wconf 87' lang='lat' dir='ltr'>Rutuli</span> <span class='ocrx_word' id='word_1_124' title='bbox 350 1400 421 1463; x_wconf 89' lang='lat' dir='ltr'>portis</span> <span class='ocrx_word' id='word_1_125' title='bbox 432 1398 518 1447; x_wconf 86' lang='lat' dir='ltr'>circum</span> <span class='ocrx_word' id='word_1_126' title='bbox 529 1399 636 1447; x_wconf 86' lang='lat' dir='ltr'>ommbus</span> <span class='ocrx_word' id='word_1_127' title='bbox 646 1398 733 1447; x_wconf 74' lang='lat' dir='ltr'>instent</span> 
     </span>
     <span class='ocr_line' id='line_1_21' title="bbox 120 1462 723 1526; baseline 0.003 -17"><span class='ocrx_word' id='word_1_128' title='bbox 120 1462 226 1511; x_wconf 82' lang='lat' dir='ltr'>Sternere</span> <span class='ocrx_word' id='word_1_129' title='bbox 236 1462 298 1511; x_wconf 75' lang='lat' dir='ltr'>cede</span> <span class='ocrx_word' id='word_1_130' title='bbox 308 1464 377 1523; x_wconf 81' lang='lat' dir='ltr'>viros,</span> <span class='ocrx_word' id='word_1_131' title='bbox 388 1472 411 1511; x_wconf 91' lang='lat' dir='ltr'>et</span> <span class='ocrx_word' id='word_1_132' title='bbox 419 1463 505 1511; x_wconf 85' lang='lat' dir='ltr'>moenia</span> <span class='ocrx_word' id='word_1_133' title='bbox 514 1463 605 1526; x_wconf 78' lang='lat' dir='ltr'>cingere</span> <span class='ocrx_word' id='word_1_134' title='bbox 615 1462 723 1511; x_wconf 83' lang='lat' dir='ltr'>flarnrnis.</span> 
     </span>
     <span class='ocr_line' id='line_1_22' title="bbox 119 1526 789 1589; baseline 0.001 -16"><span class='ocrx_word' id='word_1_135' title='bbox 119 1526 157 1573; x_wconf 94' lang='lat' dir='ltr'>At</span> <span class='ocrx_word' id='word_1_136' title='bbox 166 1526 226 1589; x_wconf 77' lang='lat' dir='ltr'>legio</span> <span class='ocrx_word' id='word_1_137' title='bbox 237 1526 369 1575; x_wconf 79' lang='lat' dir='ltr'>AEneedim</span> <span class='ocrx_word' id='word_1_138' title='bbox 379 1528 446 1575; x_wconf 84' lang='lat' dir='ltr'>vallis</span> <span class='ocrx_word' id='word_1_139' title='bbox 456 1530 546 1576; x_wconf 81' lang='lat' dir='ltr'>obsessa</span> <span class='ocrx_word' id='word_1_140' title='bbox 555 1536 662 1584; x_wconf 67' lang='lat' dir='ltr'>tenemre</span> <span class='ocrx_word' id='word_1_141' title='bbox 741 1527 789 1574; x_wconf 78' lang='grc'>120</span> 
     </span>
     <span class='ocr_line' id='line_1_23' title="bbox 119 1590 716 1657; baseline 0.003 -19"><span class='ocrx_word' id='word_1_142' title='bbox 119 1590 172 1639; x_wconf 88' lang='lat' dir='ltr'>Nee</span> <span class='ocrx_word' id='word_1_143' title='bbox 182 1607 233 1655; x_wconf 89' lang='lat' dir='ltr'>spes</span> <span class='ocrx_word' id='word_1_144' title='bbox 243 1592 292 1639; x_wconf 88' lang='lat' dir='ltr'>ulle</span> <span class='ocrx_word' id='word_1_145' title='bbox 301 1591 370 1657; x_wconf 70' lang='lat' dir='ltr'>fugat.</span> <span class='ocrx_word' id='word_1_146' title='bbox 388 1591 470 1640; x_wconf 88' lang='lat' dir='ltr'>Miseri</span> <span class='ocrx_word' id='word_1_147' title='bbox 480 1601 542 1640; x_wconf 79' lang='lat' dir='ltr'>stam</span> <span class='ocrx_word' id='word_1_148' title='bbox 552 1592 653 1640; x_wconf 87' lang='lat' dir='ltr'>turribus</span> <span class='ocrx_word' id='word_1_149' title='bbox 663 1591 716 1640; x_wconf 80' lang='lat' dir='ltr'>eltis</span> 
     </span>
     <span class='ocr_line' id='line_1_24' title="bbox 119 1654 694 1719; baseline 0.002 -18"><span class='ocrx_word' id='word_1_150' title='bbox 119 1654 297 1719; x_wconf 78' lang='lat' dir='ltr'>Nequidquam,</span> <span class='ocrx_word' id='word_1_151' title='bbox 309 1665 332 1704; x_wconf 89' lang='lat' dir='ltr'>et</span> <span class='ocrx_word' id='word_1_152' title='bbox 342 1654 393 1704; x_wconf 82' lang='lat' dir='ltr'>rari</span> <span class='ocrx_word' id='word_1_153' title='bbox 402 1670 481 1705; x_wconf 89' lang='lat' dir='ltr'>muros</span> <span class='ocrx_word' id='word_1_154' title='bbox 492 1657 584 1704; x_wconf 68' lang='lat' dir='ltr'>cinxere</span> <span class='ocrx_word' id='word_1_155' title='bbox 594 1654 694 1715; x_wconf 79' lang='lat' dir='ltr'>coroni3</span> 
     </span>
     <span class='ocr_line' id='line_1_25' title="bbox 119 1718 714 1785; baseline 0.002 -19"><span class='ocrx_word' id='word_1_156' title='bbox 119 1718 194 1767; x_wconf 89' lang='lat' dir='ltr'>Asius</span> <span class='ocrx_word' id='word_1_157' title='bbox 206 1720 353 1780; x_wconf 75' lang='lat' dir='ltr'>Imbrasides,</span> <span class='ocrx_word' id='word_1_158' title='bbox 365 1720 563 1785; x_wconf 85' lang='lat' dir='ltr'>Hicetsoniusque</span> <span class='ocrx_word' id='word_1_159' title='bbox 571 1720 714 1784; x_wconf 78' lang='lat' dir='ltr'>Thymtetes,</span> 
     </span>
     <span class='ocr_line' id='line_1_26' title="bbox 118 1782 772 1859; baseline 0.003 -28"><span class='ocrx_word' id='word_1_160' title='bbox 118 1782 274 1859; x_wconf 72' lang='lat' dir='ltr'>Assaracique</span> <span class='ocrx_word' id='word_1_161' title='bbox 284 1785 339 1846; x_wconf 83' lang='lat' dir='ltr'>dno,</span> <span class='ocrx_word' id='word_1_162' title='bbox 351 1795 374 1833; x_wconf 86' lang='lat' dir='ltr'>et</span> <span class='ocrx_word' id='word_1_163' title='bbox 383 1785 457 1833; x_wconf 87' lang='lat' dir='ltr'>senior</span> <span class='ocrx_word' id='word_1_164' title='bbox 467 1801 522 1833; x_wconf 90' lang='lat' dir='ltr'>cum</span> <span class='ocrx_word' id='word_1_165' title='bbox 532 1785 626 1834; x_wconf 84' lang='lat' dir='ltr'>Castore</span> <span class='ocrx_word' id='word_1_166' title='bbox 635 1784 772 1848; x_wconf 77' lang='lat' dir='ltr'>Thymbria,</span> 
     </span>
     <span class='ocr_line' id='line_1_27' title="bbox 118 1847 789 1914; baseline 0 -19"><span class='ocrx_word' id='word_1_167' title='bbox 118 1847 200 1895; x_wconf 82' lang='lat' dir='ltr'>Prima</span> <span class='ocrx_word' id='word_1_168' title='bbox 210 1862 284 1897; x_wconf 78' lang='lat' dir='ltr'>aeres:</span> <span class='ocrx_word' id='word_1_169' title='bbox 300 1850 343 1897; x_wconf 85' lang='lat' dir='ltr'>hos</span> <span class='ocrx_word' id='word_1_170' title='bbox 353 1850 457 1913; x_wconf 84' lang='lat' dir='ltr'>germani</span> <span class='ocrx_word' id='word_1_171' title='bbox 467 1850 604 1914; x_wconf 80' lang='lat' dir='ltr'>Sarpedonis</span> <span class='ocrx_word' id='word_1_172' title='bbox 614 1851 692 1909; x_wconf 89' lang='lat' dir='ltr'>ambo,</span> <span class='ocrx_word' id='word_1_173' title='bbox 742 1850 789 1896; x_wconf 76' lang='lat'>125</span> 
     </span>
     <span class='ocr_line' id='line_1_28' title="bbox 117 1910 748 1977; baseline 0 -17"><span class='ocrx_word' id='word_1_174' title='bbox 117 1910 153 1959; x_wconf 83' lang='lat' dir='ltr'>Et</span> <span class='ocrx_word' id='word_1_175' title='bbox 164 1912 247 1961; x_wconf 87' lang='lat' dir='ltr'>Clarus</span> <span class='ocrx_word' id='word_1_176' title='bbox 257 1921 280 1960; x_wconf 89' lang='lat' dir='ltr'>et</span> <span class='ocrx_word' id='word_1_177' title='bbox 291 1913 408 1973; x_wconf 82' lang='lat' dir='ltr'>Themon,</span> <span class='ocrx_word' id='word_1_178' title='bbox 420 1914 494 1977; x_wconf 71' lang='lat' dir='ltr'>nycte</span> <span class='ocrx_word' id='word_1_179' title='bbox 504 1914 643 1962; x_wconf 83' lang='lat' dir='ltr'>comitantur</span> <span class='ocrx_word' id='word_1_180' title='bbox 652 1916 682 1961; x_wconf 83' lang='lat' dir='ltr'>ab</span> <span class='ocrx_word' id='word_1_181' title='bbox 693 1912 748 1961; x_wconf 75' lang='lat' dir='ltr'>ulti.</span> 
     </span>
     <span class='ocr_line' id='line_1_29' title="bbox 118 1974 653 2041; baseline 0.006 -18"><span class='ocrx_word' id='word_1_182' title='bbox 118 1974 176 2024; x_wconf 83' lang='lat' dir='ltr'>Fert</span> <span class='ocrx_word' id='word_1_183' title='bbox 184 1977 266 2040; x_wconf 79' lang='lat' dir='ltr'>ingens</span> <span class='ocrx_word' id='word_1_184' title='bbox 276 1986 325 2027; x_wconf 89' lang='lat' dir='ltr'>toto</span> <span class='ocrx_word' id='word_1_185' title='bbox 334 1980 447 2026; x_wconf 84' lang='lat' dir='ltr'>connixus</span> <span class='ocrx_word' id='word_1_186' title='bbox 457 1993 551 2041; x_wconf 87' lang='lat' dir='ltr'>corpore</span> <span class='ocrx_word' id='word_1_187' title='bbox 560 1992 653 2035; x_wconf 69' lang='lat' dir='ltr'>samm,</span> 
     </span>
     <span class='ocr_line' id='line_1_30' title="bbox 117 2040 772 2106; baseline 0.002 -18"><span class='ocrx_word' id='word_1_188' title='bbox 117 2040 192 2089; x_wconf 88' lang='lat' dir='ltr'>Haud</span> <span class='ocrx_word' id='word_1_189' title='bbox 203 2050 291 2105; x_wconf 86' lang='lat' dir='ltr'>partem</span> <span class='ocrx_word' id='word_1_190' title='bbox 302 2042 411 2105; x_wconf 77' lang='lat' dir='ltr'>exiguom</span> <span class='ocrx_word' id='word_1_191' title='bbox 421 2042 515 2102; x_wconf 86' lang='lat' dir='ltr'>montis,</span> <span class='ocrx_word' id='word_1_192' title='bbox 526 2041 663 2106; x_wconf 65' lang='lat' dir='ltr'>hymenius</span> <span class='ocrx_word' id='word_1_193' title='bbox 668 2043 772 2102; x_wconf 88' lang='lat' dir='ltr'>Acmon,</span> 
     </span>
     <span class='ocr_line' id='line_1_31' title="bbox 118 2104 754 2169; baseline 0.003 -17"><span class='ocrx_word' id='word_1_194' title='bbox 118 2104 145 2152; x_wconf 91' lang='lat' dir='ltr'>N</span> <span class='ocrx_word' id='word_1_195' title='bbox 146 2120 172 2153; x_wconf 85' lang='lat' dir='ltr'>eo</span> <span class='ocrx_word' id='word_1_196' title='bbox 182 2105 259 2169; x_wconf 82' lang='lat' dir='ltr'>Clytio</span> <span class='ocrx_word' id='word_1_197' title='bbox 270 2107 371 2169; x_wconf 77' lang='lat' dir='ltr'>genitore</span> <span class='ocrx_word' id='word_1_198' title='bbox 381 2108 465 2166; x_wconf 87' lang='lat' dir='ltr'>minor,</span> <span class='ocrx_word' id='word_1_199' title='bbox 477 2120 520 2155; x_wconf 88' lang='lat' dir='ltr'>uec</span> <span class='ocrx_word' id='word_1_200' title='bbox 529 2107 600 2154; x_wconf 82' lang='lat' dir='ltr'>fratre</span> <span class='ocrx_word' id='word_1_201' title='bbox 609 2106 754 2154; x_wconf 86' lang='lat' dir='ltr'>Menestheo.</span> 
     </span>
     <span class='ocr_line' id='line_1_32' title="bbox 119 2168 788 2231; baseline 0.004 -15"><span class='ocrx_word' id='word_1_202' title='bbox 119 2168 155 2216; x_wconf 89' lang='lat' dir='ltr'>Hi</span> <span class='ocrx_word' id='word_1_203' title='bbox 164 2171 255 2231; x_wconf 87' lang='lat' dir='ltr'>jaculis,</span> <span class='ocrx_word' id='word_1_204' title='bbox 266 2170 301 2218; x_wconf 91' lang='lat' dir='ltr'>illi</span> <span class='ocrx_word' id='word_1_205' title='bbox 311 2180 398 2219; x_wconf 85' lang='lat' dir='ltr'>certant</span> <span class='ocrx_word' id='word_1_206' title='bbox 407 2170 609 2229; x_wconf 75' lang='lat' dir='ltr'>defenderesaxis,</span> <span class='ocrx_word' id='word_1_207' title='bbox 741 2171 788 2219; x_wconf 81' lang='lat' dir='ltr'>lto</span> 
     </span>
     <span class='ocr_line' id='line_1_33' title="bbox 120 2232 675 2311; baseline 0.004 -30"><span class='ocrx_word' id='word_1_208' title='bbox 120 2232 249 2298; x_wconf 86' lang='lat' dir='ltr'>Molirique</span> <span class='ocrx_word' id='word_1_209' title='bbox 259 2235 346 2298; x_wconf 87' lang='lat' dir='ltr'>ignem,</span> <span class='ocrx_word' id='word_1_210' title='bbox 358 2250 475 2311; x_wconf 87' lang='lat' dir='ltr'>nervoque</span> <span class='ocrx_word' id='word_1_211' title='bbox 484 2244 563 2299; x_wconf 85' lang='lat' dir='ltr'>aptare</span> <span class='ocrx_word' id='word_1_212' title='bbox 573 2234 675 2297; x_wconf 78' lang='lat' dir='ltr'>sagittas.</span> 
     </span>
     <span class='ocr_line' id='line_1_34' title="bbox 121 2297 669 2360; baseline 0.005 -15"><span class='ocrx_word' id='word_1_213' title='bbox 121 2297 135 2345; x_wconf 94' lang='lat' dir='ltr'>I</span> <span class='ocrx_word' id='word_1_214' title='bbox 185 2298 244 2346; x_wconf 85' lang='lat' dir='ltr'>inter</span> <span class='ocrx_word' id='word_1_215' title='bbox 254 2299 349 2360; x_wconf 86' lang='lat' dir='ltr'>medios,</span> <span class='ocrx_word' id='word_1_216' title='bbox 361 2300 459 2348; x_wconf 78' lang='lat' dir='ltr'>Veneris</span> <span class='ocrx_word' id='word_1_217' title='bbox 468 2300 596 2360; x_wconf 82' lang='lat' dir='ltr'>justissima</span> <span class='ocrx_word' id='word_1_218' title='bbox 605 2315 669 2358; x_wconf 84' lang='lat' dir='ltr'>curs,</span> 
     </span>
     <span class='ocr_line' id='line_1_35' title="bbox 146 2362 745 2429; baseline 0.002 -19"><span class='ocrx_word' id='word_1_219' title='bbox 146 2362 254 2411; x_wconf 85' lang='lat' dir='ltr'>ardanius</span> <span class='ocrx_word' id='word_1_220' title='bbox 264 2371 342 2429; x_wconf 84' lang='lat' dir='ltr'>ceput,</span> <span class='ocrx_word' id='word_1_221' title='bbox 355 2380 413 2423; x_wconf 87' lang='lat' dir='ltr'>ecoe,</span> <span class='ocrx_word' id='word_1_222' title='bbox 424 2380 483 2428; x_wconf 86' lang='lat' dir='ltr'>puer</span> <span class='ocrx_word' id='word_1_223' title='bbox 493 2364 595 2412; x_wconf 82' lang='lat' dir='ltr'>detectus</span> <span class='ocrx_word' id='word_1_224' title='bbox 605 2364 728 2411; x_wconf 88' lang='lat' dir='ltr'>honestum</span> <span class='ocrx_word' id='word_1_225' title='bbox 737 2380 745 2422; x_wconf 66' lang='grc' dir='ltr'>ς</span> 
     </span>
     <span class='ocr_line' id='line_1_36' title="bbox 121 2426 757 2495; baseline 0.002 -20"><span class='ocrx_word' id='word_1_226' title='bbox 121 2426 206 2486; x_wconf 86' lang='lat' dir='ltr'>Qualis</span> <span class='ocrx_word' id='word_1_227' title='bbox 216 2443 310 2495; x_wconf 80' lang='lat' dir='ltr'>gemma</span> <span class='ocrx_word' id='word_1_228' title='bbox 319 2429 398 2490; x_wconf 62' lang='lat' dir='ltr'>micet</span> <span class='ocrx_word' id='word_1_229' title='bbox 408 2429 501 2477; x_wconf 82' lang='lat' dir='ltr'>fulvum</span> <span class='ocrx_word' id='word_1_230' title='bbox 527 2444 565 2476; x_wconf 76' lang='lat' dir='ltr'>ute</span> <span class='ocrx_word' id='word_1_231' title='bbox 571 2428 654 2476; x_wconf 81' lang='lat' dir='ltr'>dividit</span> <span class='ocrx_word' id='word_1_232' title='bbox 663 2444 757 2487; x_wconf 85' lang='lat' dir='ltr'>aurum,</span> 
     </span>
     <span class='ocr_line' id='line_1_37' title="bbox 117 2491 739 2568; baseline 0.008 -30"><span class='ocrx_word' id='word_1_233' title='bbox 117 2491 172 2539; x_wconf 90' lang='lat' dir='ltr'>Aut</span> <span class='ocrx_word' id='word_1_234' title='bbox 181 2492 241 2540; x_wconf 90' lang='lat' dir='ltr'>oollo</span> <span class='ocrx_word' id='word_1_235' title='bbox 251 2493 328 2553; x_wconf 88' lang='lat' dir='ltr'>decus,</span> <span class='ocrx_word' id='word_1_236' title='bbox 340 2502 381 2542; x_wconf 90' lang='lat' dir='ltr'>aut</span> <span class='ocrx_word' id='word_1_237' title='bbox 390 2493 504 2557; x_wconf 68' lang='lat' dir='ltr'>cepitisv</span> <span class='ocrx_word' id='word_1_238' title='bbox 535 2493 605 2568; x_wconf 80' lang='lat' dir='ltr'>quale</span> <span class='ocrx_word' id='word_1_239' title='bbox 614 2507 656 2557; x_wconf 88' lang='lat' dir='ltr'>per</span> <span class='ocrx_word' id='word_1_240' title='bbox 665 2502 739 2543; x_wconf 82' lang='lat' dir='ltr'>arten</span> 
     </span>
     <span class='ocr_line' id='line_1_38' title="bbox 118 2555 788 2617; baseline 0 -14"><span class='ocrx_word' id='word_1_241' title='bbox 118 2555 242 2603; x_wconf 88' lang='lat' dir='ltr'>Inclusum</span> <span class='ocrx_word' id='word_1_242' title='bbox 251 2559 325 2616; x_wconf 86' lang='lat' dir='ltr'>buxo,</span> <span class='ocrx_word' id='word_1_243' title='bbox 335 2566 377 2605; x_wconf 82' lang='lat' dir='ltr'>out</span> <span class='ocrx_word' id='word_1_244' title='bbox 386 2556 466 2607; x_wconf 78' lang='lat' dir='ltr'>Oricii</span> <span class='ocrx_word' id='word_1_245' title='bbox 477 2557 614 2617; x_wconf 75' lang='lat' dir='ltr'>terebintho,</span> <span class='ocrx_word' id='word_1_246' title='bbox 741 2556 788 2604; x_wconf 77' lang='lat' dir='ltr'>loo</span> 
     </span>
     <span class='ocr_line' id='line_1_39' title="bbox 118 2618 657 2681; baseline 0 -10"><span class='ocrx_word' id='word_1_247' title='bbox 118 2618 194 2671; x_wconf 76' lang='lat' dir='ltr'>Lucet</span> <span class='ocrx_word' id='word_1_248' title='bbox 204 2622 276 2681; x_wconf 68' lang='lat' dir='ltr'>ebore</span> <span class='ocrx_word' id='word_1_249' title='bbox 292 2621 356 2675; x_wconf 70' lang='lat' dir='ltr'>mos</span> <span class='ocrx_word' id='word_1_250' title='bbox 366 2622 442 2675; x_wconf 80' lang='lat' dir='ltr'>cervix</span> <span class='ocrx_word' id='word_1_251' title='bbox 452 2622 491 2676; x_wconf 84' lang='lat' dir='ltr'>cui</span> <span class='ocrx_word' id='word_1_252' title='bbox 500 2620 657 2673; x_wconf 61' lang='lat' dir='ltr'>morines</span> 
     </span>
    </p>
   </div>
   <div class='ocr_carea' id='block_1_4' title="bbox 0 0 951 2917">
    <p class='ocr_par' dir='ltr' id='par_1_5' title="bbox 0 0 951 2917">
     <span class='ocr_line' id='line_1_40' title="bbox 0 0 951 2917; baseline 0 0"><span class='ocrx_word' id='word_1_253' title='bbox 0 0 951 2917; x_wconf 95' lang='lat' dir='ltr'> </span> 
     </span>
    </p>
   </div>
  </div>
 </body>
</html>
